
@inproceedings{DBLP:conf/icsoft/BaratKCB16,
  author    = {Souvik Barat and
               Vinay Kulkarni and
               Tony Clark and
               Balbir Barn},
  title     = {A Simulation-based Aid for Organisational Decision-making},
  booktitle = {Proceedings of the 11th International Joint Conference on Software
               Technologies {(ICSOFT} 2016) - Volume 2: ICSOFT-PT, Lisbon, Portugal,
               July 24 - 26, 2016.},
  pages     = {109--116},
  year      = {2016},
  crossref  = {DBLP:conf/icsoft/2016-2},
  url       = {http://dx.doi.org/10.5220/0005992401090116},
  doi       = {10.5220/0005992401090116},
  timestamp = {Wed, 02 Nov 2016 16:24:01 +0100},
  biburl    = {http://dblp.uni-trier.de/rec/bib/conf/icsoft/BaratKCB16},
  bibsource = {dblp computer science bibliography, http://dblp.org}
}

@inproceedings{DBLP:conf/ifip8-1/BaratKCB16,
  author    = {Souvik Barat and
               Vinay Kulkarni and
               Tony Clark and
               Balbir Barn},
  title     = {Enterprise Modeling as a Decision Making Aid: {A} Systematic Mapping
               Study},
  booktitle = {The Practice of Enterprise Modeling - 9th {IFIP} {WG} 8.1. Working
               Conference, PoEM 2016, Sk{\"{o}}vde, Sweden, November 8-10, 2016,
               Proceedings},
  pages     = {289--298},
  year      = {2016},
  crossref  = {DBLP:conf/ifip8-1/2016},
  url       = {http://dx.doi.org/10.1007/978-3-319-48393-1_20},
  doi       = {10.1007/978-3-319-48393-1_20},
  timestamp = {Mon, 31 Oct 2016 08:57:39 +0100},
  biburl    = {http://dblp.uni-trier.de/rec/bib/conf/ifip8-1/BaratKCB16},
  bibsource = {dblp computer science bibliography, http://dblp.org}
}


@article{DBLP:journals/dagstuhl-reports/ClarkFK16,
  author    = {Tony Clark and
               Ulrich Frank and
               Vinay Kulkarni},
  title     = {Supporting Organizational Efficiency and Agility: Models, Languages
               and Software Systems (Dagstuhl Seminar 16192)},
  journal   = {Dagstuhl Reports},
  volume    = {6},
  number    = {5},
  pages     = {31--55},
  year      = {2016},
  url       = {http://dx.doi.org/10.4230/DagRep.6.5.31},
  doi       = {10.4230/DagRep.6.5.31},
  timestamp = {Tue, 15 Nov 2016 00:00:00 +0100},
  biburl    = {http://dblp.uni-trier.de/rec/bib/journals/dagstuhl-reports/ClarkFK16},
  bibsource = {dblp computer science bibliography, http://dblp.org}
}

@inproceedings{DBLP:conf/caise/KulkarniBCB15,
  author    = {Vinay Kulkarni and
               Souvik Barat and
               Tony Clark and
               Balbir Barn},
  title     = {A Wide-Spectrum Approach to Modelling and Analysis of Organisation
               for Machine-Assisted Decision-Making},
  booktitle = {Enterprise and Organizational Modeling and Simulation - 11th International
               Workshop, {EOMAS} 2015, Held at CAiSE 2015, Stockholm, Sweden, June
               8-9, 2015, Selected Papers},
  pages     = {87--101},
  year      = {2015},
  crossref  = {DBLP:conf/caise/2015eomas},
  url       = {http://dx.doi.org/10.1007/978-3-319-24626-0_7},
  doi       = {10.1007/978-3-319-24626-0_7},
  timestamp = {Tue, 13 Oct 2015 12:22:00 +0200},
  biburl    = {http://dblp.uni-trier.de/rec/bib/conf/caise/KulkarniBCB15},
  bibsource = {dblp computer science bibliography, http://dblp.org}
}


@inproceedings{DBLP:conf/models/KulkarniBCB15,
  author    = {Vinay Kulkarni and
               Souvik Barat and
               Tony Clark and
               Balbir S. Barn},
  title     = {Toward overcoming accidental complexity in organisational decision-making},
  booktitle = {18th {ACM/IEEE} International Conference on Model Driven Engineering
               Languages and Systems, MoDELS 2015, Ottawa, ON, Canada, September
               30 - October 2, 2015},
  pages     = {368--377},
  year      = {2015},
  crossref  = {DBLP:conf/models/2015},
  url       = {http://dx.doi.org/10.1109/MODELS.2015.7338268},
  doi       = {10.1109/MODELS.2015.7338268},
  timestamp = {Fri, 23 Dec 2016 15:59:22 +0100},
  biburl    = {http://dblp.uni-trier.de/rec/bib/conf/models/KulkarniBCB15},
  bibsource = {dblp computer science bibliography, http://dblp.org}
}


@inproceedings{DBLP:conf/sac/NwokejiCBK15,
  author    = {Joshua Chibuike Nwokeji and
               Tony Clark and
               Balbir S. Barn and
               Vinay Kulkarni},
  title     = {A conceptual framework for enterprise agility},
  booktitle = {Proceedings of the 30th Annual {ACM} Symposium on Applied Computing,
               Salamanca, Spain, April 13-17, 2015},
  pages     = {1242--1244},
  year      = {2015},
  crossref  = {DBLP:conf/sac/2015},
  url       = {http://doi.acm.org/10.1145/2695664.2699495},
  doi       = {10.1145/2695664.2699495},
  timestamp = {Tue, 21 Jul 2015 14:16:42 +0200},
  biburl    = {http://dblp.uni-trier.de/rec/bib/conf/sac/NwokejiCBK15},
  bibsource = {dblp computer science bibliography, http://dblp.org}
}

@inproceedings{DBLP:conf/summersim/KulkarniBCB15,
  author    = {Vinay Kulkarni and
               Souvik Barat and
               Tony Clark and
               Balbir Barn},
  title     = {Using simulation to address intrinsic complexity in multi-modelling
               of enterprises for decision making},
  booktitle = {Proceedings of the Conference on Summer Computer Simulation, SummerSim
               2015, Chicago, IL, USA, July 26-29, 2015},
  pages     = {9:1--9:11},
  year      = {2015},
  crossref  = {DBLP:conf/summersim/2015},
  url       = {http://dl.acm.org/citation.cfm?id=2874925},
  timestamp = {Thu, 07 Apr 2016 01:00:00 +0200},
  biburl    = {http://dblp.uni-trier.de/rec/bib/conf/summersim/KulkarniBCB15},
  bibsource = {dblp computer science bibliography, http://dblp.org}
}



@inproceedings{DBLP:conf/er/KulkarniCBB14,
  author    = {Vinay Kulkarni and
               Tony Clark and
               Souvik Barat and
               Balbir Barn},
  title     = {Model Based Enterprise Simulation and Analysis - {A} Pragmatic Approach
               Reducing the Burden on Experts},
  booktitle = {Advances in Conceptual Modeling - {ER} 2014 Workshops, ENMO, MoBiD,
               MReBA, QMMQ, SeCoGIS, WISM, and {ER} Demos, Atlanta, GA, USA, October
               27-29, 2014. Proceedings},
  pages     = {3--12},
  year      = {2014},
  crossref  = {DBLP:conf/er/2014w},
  url       = {http://dx.doi.org/10.1007/978-3-319-12256-4_1},
  doi       = {10.1007/978-3-319-12256-4_1},
  timestamp = {Mon, 13 Oct 2014 13:09:29 +0200},
  biburl    = {http://dblp.uni-trier.de/rec/bib/conf/er/KulkarniCBB14},
  bibsource = {dblp computer science bibliography, http://dblp.org}
}

@inproceedings{DBLP:conf/hicss/ClarkKBFFT14,
  author    = {Tony Clark and
               Vinay Kulkarni and
               Balbir Barn and
               Robert B. France and
               Ulrich Frank and
               Dan Turk},
  title     = {Towards the Model Driven Organization},
  booktitle = {47th Hawaii International Conference on System Sciences, {HICSS} 2014,
               Waikoloa, HI, USA, January 6-9, 2014},
  pages     = {4817--4826},
  year      = {2014},
  crossref  = {DBLP:conf/hicss/2014},
  url       = {http://dx.doi.org/10.1109/HICSS.2014.591},
  doi       = {10.1109/HICSS.2014.591},
  timestamp = {Tue, 05 Apr 2016 11:47:33 +0200},
  biburl    = {http://dblp.uni-trier.de/rec/bib/conf/hicss/ClarkKBFFT14},
  bibsource = {dblp computer science bibliography, http://dblp.org}
}

@inproceedings{DBLP:conf/icsoft/BarnCK14a,
  author    = {Balbir S. Barn and
               Tony Clark and
               Vinay Kulkarni},
  title     = {Can Organisational Theory and Multi-agent Systems Influence Next Generation
               Enterprise Modelling?},
  booktitle = {Software Technologies - 9th International Joint Conference, {ICSOFT}
               2014, Vienna, Austria, August 29-31, 2014, Revised Selected Papers},
  pages     = {202--216},
  year      = {2014},
  crossref  = {DBLP:conf/icsoft/2014s},
  url       = {http://dx.doi.org/10.1007/978-3-319-25579-8_12},
  doi       = {10.1007/978-3-319-25579-8_12},
  timestamp = {Wed, 02 Nov 2016 16:24:01 +0100},
  biburl    = {http://dblp.uni-trier.de/rec/bib/conf/icsoft/BarnCK14a},
  bibsource = {dblp computer science bibliography, http://dblp.org}
}

@inproceedings{DBLP:conf/icsoft/BarnCK14,
  author    = {Balbir S. Barn and
               Tony Clark and
               Vinay Kulkarni},
  title     = {Next Generation Enterprise Modelling - The Role of Organizational
               Theory and Multi-Agent Systems},
  booktitle = {{ICSOFT-EA} 2014 - Proceedings of the 9th International Conference
               on Software Engineering and Applications, Vienna, Austria, 29-31 August,
               2014},
  pages     = {482--487},
  year      = {2014},
  crossref  = {DBLP:conf/icsoft/2014ea},
  url       = {http://dx.doi.org/10.5220/0005097404820487},
  doi       = {10.5220/0005097404820487},
  timestamp = {Tue, 30 Sep 2014 13:38:25 +0200},
  biburl    = {http://dblp.uni-trier.de/rec/bib/conf/icsoft/BarnCK14},
  bibsource = {dblp computer science bibliography, http://dblp.org}
}


@article{DBLP:journals/emisaij/ClarkB13,
  author    = {Tony Clark and
               Balbir Barn},
  title     = {Goal Driven Architecture Development using {LEAP}},
  journal   = {Enterprise Modelling and Information Systems Architectures},
  volume    = {8},
  number    = {1},
  pages     = {40--61},
  year      = {2013},
  url       = {https://www.emisa-journal.org/emisa/article/view/101},
  timestamp = {Thu, 17 Mar 2016 00:00:00 +0100},
  biburl    = {http://dblp.uni-trier.de/rec/bib/journals/emisaij/ClarkB13},
  bibsource = {dblp computer science bibliography, http://dblp.org}
}

@inproceedings{DBLP:conf/ecoop/ClarkFKBT13,
  author    = {Tony Clark and
               Ulrich Frank and
               Vinay Kulkarni and
               Balbir S. Barn and
               Dan Turk},
  title     = {Domain specific languages for the model driven organization},
  booktitle = {Proceedings of the First Workshop on the Globalization of Domain Specific
               Languages, GlobalDSL@ECOOP 2013, Montpellier, France, July 1, 2013},
  pages     = {22--27},
  year      = {2013},
  crossref  = {DBLP:conf/ecoop/2013globaldsl},
  url       = {http://doi.acm.org/10.1145/2489812.2489818},
  doi       = {10.1145/2489812.2489818},
  timestamp = {Tue, 14 Jun 2016 20:34:38 +0200},
  biburl    = {http://dblp.uni-trier.de/rec/bib/conf/ecoop/ClarkFKBT13},
  bibsource = {dblp computer science bibliography, http://dblp.org}
}

@inproceedings{DBLP:conf/indiaSE/BarnCL13,
  author    = {Balbir S. Barn and
               Tony Clark and
               Martin Loomes},
  title     = {Enterprise architecture coherence and the model driven enterprise:
               is simulation the answer or are we flying kites?},
  booktitle = {6th India Software Engineering Conference, {ISEC} '13, New Delhi,
               India - February 21 - 23, 2013},
  pages     = {97--102},
  year      = {2013},
  crossref  = {DBLP:conf/indiaSE/2013},
  url       = {http://doi.acm.org/10.1145/2442754.2442769},
  doi       = {10.1145/2442754.2442769},
  timestamp = {Tue, 04 Oct 2016 19:33:01 +0200},
  biburl    = {http://dblp.uni-trier.de/rec/bib/conf/indiaSE/BarnCL13},
  bibsource = {dblp computer science bibliography, http://dblp.org}
}

@inproceedings{DBLP:conf/isdevel/BittmannBC13,
  author    = {Sebastian Bittmann and
               Balbir Barn and
               Tony Clark},
  title     = {A Language Oriented Extension to Toulmin's Argumentation Model for
               Conceptual Modelling},
  booktitle = {Information System Development - Improving Enterprise Communication,
               [Proceedings of the 22nd International Conference on Information Systems
               Development, {ISD} 2013, Seville, Spain]},
  pages     = {359--369},
  year      = {2013},
  crossref  = {DBLP:conf/isdevel/2013},
  url       = {http://dx.doi.org/10.1007/978-3-319-07215-9_29},
  doi       = {10.1007/978-3-319-07215-9_29},
  timestamp = {Fri, 12 Feb 2016 07:48:54 +0100},
  biburl    = {http://dblp.uni-trier.de/rec/bib/conf/isdevel/BittmannBC13},
  bibsource = {dblp computer science bibliography, http://dblp.org}
}

@inproceedings{DBLP:conf/models/Clark13,
  author    = {Tony Clark},
  title     = {{OCL} Pattern Matching},
  booktitle = {Proceedings of the {MODELS} 2013 {OCL} Workshop co-located with the
               16th International {ACM/IEEE} Conference on Model Driven Engineering
               Languages and Systems {(MODELS} 2013), Miami, USA, September 30, 2013.},
  pages     = {33--42},
  year      = {2013},
  crossref  = {DBLP:conf/models/2013ocl},
  url       = {http://ceur-ws.org/Vol-1092/clark.pdf},
  timestamp = {Mon, 30 May 2016 16:28:38 +0200},
  biburl    = {http://dblp.uni-trier.de/rec/bib/conf/models/Clark13},
  bibsource = {dblp computer science bibliography, http://dblp.org}
}

@inproceedings{DBLP:conf/modelsward/KulkarniRSCB13,
  author    = {Vinay Kulkarni and
               Suman Roychoudhury and
               Sagar Sunkle and
               Tony Clark and
               Balbir Barn},
  title     = {Modelling and Enterprises - The Past, the Present and the Future},
  booktitle = {{MODELSWARD} 2013 - Proceedings of the 1st International Conference
               on Model-Driven Engineering and Software Development, Barcelona, Spain,
               19 - 21 February, 2013},
  pages     = {95--100},
  year      = {2013},
  crossref  = {DBLP:conf/modelsward/2013},
  url       = {http://dx.doi.org/10.5220/0004310700950100},
  doi       = {10.5220/0004310700950100},
  timestamp = {Sun, 27 Oct 2013 16:52:08 +0100},
  biburl    = {http://dblp.uni-trier.de/rec/bib/conf/modelsward/KulkarniRSCB13},
  bibsource = {dblp computer science bibliography, http://dblp.org}
}

@proceedings{DBLP:conf/models/2013gemoc,
  editor    = {Beno{\^{\i}}t Combemale and
               Julien DeAntoni and
               Robert B. France and
               Balbir Barn and
               Tony Clark and
               Ulrich Frank and
               Vinay Kulkarni and
               Dan Turk},
  title     = {Joint Proceedings of the First International Workshop On the Globalization
               of Modeling Languages {(GEMOC} 2013) and the First International Workshop:
               Towards the Model Driven Organization {(AMINO} 2013) Co-located with
               the 16th International Conference on Model Driven Engineering Languages
               and Systems {(MODELS} 2013), Miami, USA, September 29 - October 04,
               2013},
  series    = {{CEUR} Workshop Proceedings},
  volume    = {1102},
  publisher = {CEUR-WS.org},
  year      = {2013},
  url       = {http://ceur-ws.org/Vol-1102},
  urn       = {urn:nbn:de:0074-1102-0},
  timestamp = {Mon, 30 May 2016 01:00:00 +0200},
  biburl    = {http://dblp.uni-trier.de/rec/bib/conf/models/2013gemoc},
  bibsource = {dblp computer science bibliography, http://dblp.org}
}

@inproceedings{DBLP:conf/icsoft/BarnC12,
  author    = {Balbir S. Barn and
               Tony Clark},
  title     = {Goal Based Alignment of Enterprise Architectures},
  booktitle = {{ICSOFT} 2012 - Proceedings of the 7th International Conference on
               Software Paradigm Trends, Rome, Italy, 24 - 27 July, 2012},
  pages     = {230--236},
  year      = {2012},
  crossref  = {DBLP:conf/icsoft/2012},
  timestamp = {Tue, 21 Aug 2012 14:59:55 +0200},
  biburl    = {http://dblp.uni-trier.de/rec/bib/conf/icsoft/BarnC12},
  bibsource = {dblp computer science bibliography, http://dblp.org}
}

@inproceedings{DBLP:conf/indiaSE/ClarkB12,
  author    = {Tony Clark and
               Balbir S. Barn},
  title     = {A common basis for modelling service-oriented and event-driven architecture},
  booktitle = {Proceeding of the 5th Annual India Software Engineering Conference,
               {ISEC} 2012, Kanpur, India, February 22-25, 2012},
  pages     = {23--32},
  year      = {2012},
  crossref  = {DBLP:conf/indiaSE/2012},
  url       = {http://doi.acm.org/10.1145/2134254.2134258},
  doi       = {10.1145/2134254.2134258},
  timestamp = {Thu, 01 Mar 2012 07:36:28 +0100},
  biburl    = {http://dblp.uni-trier.de/rec/bib/conf/indiaSE/ClarkB12},
  bibsource = {dblp computer science bibliography, http://dblp.org}
}

@inproceedings{DBLP:conf/pret/ClarkBO12,
  author    = {Tony Clark and
               Balbir S. Barn and
               Samia Oussena},
  title     = {A Method for Enterprise Architecture Alignment},
  booktitle = {Practice-Driven Research on Enterprise Transformation - 4th Working
               Conference, {PRET} 2012, Gda{\'{n}}sk, Poland, June 27, 2012. Proceedings},
  pages     = {48--76},
  year      = {2012},
  crossref  = {DBLP:conf/pret/2012},
  url       = {http://dx.doi.org/10.1007/978-3-642-31134-5_3},
  doi       = {10.1007/978-3-642-31134-5_3},
  timestamp = {Sun, 08 Jul 2012 17:11:29 +0200},
  biburl    = {http://dblp.uni-trier.de/rec/bib/conf/pret/ClarkBO12},
  bibsource = {dblp computer science bibliography, http://dblp.org}
}

@inproceedings{DBLP:conf/indiaSE/ClarkBO11,
  author    = {Tony Clark and
               Balbir S. Barn and
               Samia Oussena},
  title     = {{LEAP:} a precise lightweight framework for enterprise architecture},
  booktitle = {Proceeding of the 4th Annual India Software Engineering Conference,
               {ISEC} 2011, Thiruvananthapuram, Kerala, India, February 24-27, 2011},
  pages     = {85--94},
  year      = {2011},
  crossref  = {DBLP:conf/indiaSE/2011},
  url       = {http://doi.acm.org/10.1145/1953355.1953366},
  doi       = {10.1145/1953355.1953366},
  timestamp = {Tue, 15 Mar 2011 09:14:49 +0100},
  biburl    = {http://dblp.uni-trier.de/rec/bib/conf/indiaSE/ClarkBO11},
  bibsource = {dblp computer science bibliography, http://dblp.org}
}


@inproceedings{DBLP:conf/sose/ClarkB11,
  author    = {Tony Clark and
               Balbir S. Barn},
  title     = {Event driven architecture modelling and simulation},
  booktitle = {{IEEE} 6th International Symposium on Service Oriented System Engineering,
               {SOSE} 2011, Irvine, CA, USA, December 12-14, 2011},
  pages     = {43--54},
  year      = {2011},
  crossref  = {DBLP:conf/sose/2011},
  url       = {http://dx.doi.org/10.1109/SOSE.2011.6139091},
  doi       = {10.1109/SOSE.2011.6139091},
  timestamp = {Fri, 26 Jun 2015 14:13:26 +0200},
  biburl    = {http://dblp.uni-trier.de/rec/bib/conf/sose/ClarkB11},
  bibsource = {dblp computer science bibliography, http://dblp.org}
}

@proceedings{DBLP:conf/caise/2015eomas,
  editor    = {Joseph Barjis and
               Robert Pergl and
               Eduard Babkin},
  title     = {Enterprise and Organizational Modeling and Simulation - 11th International
               Workshop, {EOMAS} 2015, Held at CAiSE 2015, Stockholm, Sweden, June
               8-9, 2015, Selected Papers},
  series    = {Lecture Notes in Business Information Processing},
  volume    = {231},
  publisher = {Springer},
  year      = {2015},
  url       = {http://dx.doi.org/10.1007/978-3-319-24626-0},
  doi       = {10.1007/978-3-319-24626-0},
  isbn      = {978-3-319-24625-3},
  timestamp = {Tue, 13 Oct 2015 12:22:00 +0200},
  biburl    = {http://dblp.uni-trier.de/rec/bib/conf/caise/2015eomas},
  bibsource = {dblp computer science bibliography, http://dblp.org}
}

@proceedings{DBLP:conf/edoc/2015,
  editor    = {Sylvain Hall{\'{e}} and
               Wolfgang Mayer and
               Aditya K. Ghose and
               Georg Grossmann},
  title     = {19th {IEEE} International Enterprise Distributed Object Computing
               Conference, {EDOC} 2015, Adelaide, Australia, September 21-25, 2015},
  publisher = {{IEEE} Computer Society},
  year      = {2015},
  url       = {http://ieeexplore.ieee.org/xpl/mostRecentIssue.jsp?punumber=7312652},
  isbn      = {978-1-4673-9203-7},
  timestamp = {Fri, 29 Apr 2016 12:04:58 +0200},
  biburl    = {http://dblp.uni-trier.de/rec/bib/conf/edoc/2015},
  bibsource = {dblp computer science bibliography, http://dblp.org}
}

@proceedings{DBLP:conf/models/2015multi,
  editor    = {Colin Atkinson and
               Georg Grossmann and
               Thomas K{\"{u}}hne and
               Juan de Lara},
  title     = {Proceedings of the 2nd International Workshop on Multi-Level Modelling
               co-located with {ACM/IEEE} 18th International Conference on Model
               Driven Engineering Languages {\&} Systems (MoDELS 2015), Ottawa, Canada,
               September 27-28, 2015},
  series    = {{CEUR} Workshop Proceedings},
  volume    = {1505},
  publisher = {CEUR-WS.org},
  year      = {2015},
  url       = {http://ceur-ws.org/Vol-1505},
  urn       = {urn:nbn:de:0074-1505-4},
  timestamp = {Mon, 30 May 2016 16:28:38 +0200},
  biburl    = {http://dblp.uni-trier.de/rec/bib/conf/models/2015multi},
  bibsource = {dblp computer science bibliography, http://dblp.org}
}

@proceedings{DBLP:conf/models/2015,
  editor    = {Timothy Lethbridge and
               Jordi Cabot and
               Alexander Egyed},
  title     = {18th {ACM/IEEE} International Conference on Model Driven Engineering
               Languages and Systems, MoDELS 2015, Ottawa, ON, Canada, September
               30 - October 2, 2015},
  publisher = {{IEEE} Computer Society},
  year      = {2015},
  url       = {http://ieeexplore.ieee.org/xpl/mostRecentIssue.jsp?punumber=7328153},
  isbn      = {978-1-4673-6908-4},
  timestamp = {Fri, 23 Dec 2016 15:59:22 +0100},
  biburl    = {http://dblp.uni-trier.de/rec/bib/conf/models/2015},
  bibsource = {dblp computer science bibliography, http://dblp.org}
}

@proceedings{DBLP:conf/modelsward/2015,
  editor    = {Slimane Hammoudi and
               Lu{\'{\i}}s Ferreira Pires and
               Philippe Desfray and
               Joaquim Filipe},
  title     = {{MODELSWARD} 2015 - Proceedings of the 3rd International Conference
               on Model-Driven Engineering and Software Development, ESEO, Angers,
               Loire Valley, France, 9-11 February, 2015},
  publisher = {SciTePress},
  year      = {2015},
  url       = {http://ieeexplore.ieee.org/xpl/mostRecentIssue.jsp?punumber=7307714},
  isbn      = {978-989-758-083-3},
  timestamp = {Tue, 17 Nov 2015 15:54:11 +0100},
  biburl    = {http://dblp.uni-trier.de/rec/bib/conf/modelsward/2015},
  bibsource = {dblp computer science bibliography, http://dblp.org}
}

@proceedings{DBLP:conf/sac/2015,
  editor    = {Roger L. Wainwright and
               Juan Manuel Corchado and
               Alessio Bechini and
               Jiman Hong},
  title     = {Proceedings of the 30th Annual {ACM} Symposium on Applied Computing,
               Salamanca, Spain, April 13-17, 2015},
  publisher = {{ACM}},
  year      = {2015},
  url       = {http://dl.acm.org/citation.cfm?id=2695664},
  isbn      = {978-1-4503-3196-8},
  timestamp = {Tue, 21 Jul 2015 14:16:42 +0200},
  biburl    = {http://dblp.uni-trier.de/rec/bib/conf/sac/2015},
  bibsource = {dblp computer science bibliography, http://dblp.org}
}

@proceedings{DBLP:conf/summersim/2015,
  editor    = {Saurabh Mittal},
  title     = {Proceedings of the Conference on Summer Computer Simulation, SummerSim
               2015, Chicago, IL, USA, July 26-29, 2015},
  publisher = {{ACM}},
  year      = {2015},
  url       = {http://dl.acm.org/citation.cfm?id=2874916},
  isbn      = {978-1-5108-1059-4},
  timestamp = {Sun, 10 Jan 2016 14:56:20 +0100},
  biburl    = {http://dblp.uni-trier.de/rec/bib/conf/summersim/2015},
  bibsource = {dblp computer science bibliography, http://dblp.org}
}

@proceedings{DBLP:conf/dagstuhl/2014gdsl,
  editor    = {Betty H. C. Cheng and
               Beno{\^{\i}}t Combemale and
               Robert B. France and
               Jean{-}Marc J{\'{e}}z{\'{e}}quel and
               Bernhard Rumpe},
  title     = {Globalizing Domain-Specific Languages - International Dagstuhl Seminar
               Dagstuhl Castle, Germany, October 5-10, 2014 Revised Papers},
  series    = {Lecture Notes in Computer Science},
  volume    = {9400},
  publisher = {Springer},
  year      = {2015},
  url       = {http://dx.doi.org/10.1007/978-3-319-26172-0},
  doi       = {10.1007/978-3-319-26172-0},
  isbn      = {978-3-319-26171-3},
  timestamp = {Mon, 02 Nov 2015 10:55:15 +0100},
  biburl    = {http://dblp.uni-trier.de/rec/bib/conf/dagstuhl/2014gdsl},
  bibsource = {dblp computer science bibliography, http://dblp.org}
}

@proceedings{DBLP:conf/er/2014w,
  editor    = {Marta Indulska and
               Sandeep Purao},
  title     = {Advances in Conceptual Modeling - {ER} 2014 Workshops, ENMO, MoBiD,
               MReBA, QMMQ, SeCoGIS, WISM, and {ER} Demos, Atlanta, GA, USA, October
               27-29, 2014. Proceedings},
  series    = {Lecture Notes in Computer Science},
  volume    = {8823},
  publisher = {Springer},
  year      = {2014},
  url       = {http://dx.doi.org/10.1007/978-3-319-12256-4},
  doi       = {10.1007/978-3-319-12256-4},
  isbn      = {978-3-319-12255-7},
  timestamp = {Mon, 13 Oct 2014 13:09:29 +0200},
  biburl    = {http://dblp.uni-trier.de/rec/bib/conf/er/2014w},
  bibsource = {dblp computer science bibliography, http://dblp.org}
}

@proceedings{DBLP:conf/hicss/2014,
  title     = {47th Hawaii International Conference on System Sciences, {HICSS} 2014,
               Waikoloa, HI, USA, January 6-9, 2014},
  publisher = {{IEEE} Computer Society},
  year      = {2014},
  url       = {http://ieeexplore.ieee.org/xpl/mostRecentIssue.jsp?punumber=6751593},
  isbn      = {978-1-4799-2504-9},
  timestamp = {Tue, 05 Apr 2016 11:47:33 +0200},
  biburl    = {http://dblp.uni-trier.de/rec/bib/conf/hicss/2014},
  bibsource = {dblp computer science bibliography, http://dblp.org}
}

@proceedings{DBLP:conf/iceis/2014-2,
  editor    = {Slimane Hammoudi and
               Leszek A. Maciaszek and
               Jos{\'{e}} Cordeiro},
  title     = {{ICEIS} 2014 - Proceedings of the 16th International Conference on
               Enterprise Information Systems, Volume 2, Lisbon, Portugal, 27-30
               April, 2014},
  publisher = {SciTePress},
  year      = {2014},
  isbn      = {978-989-758-028-4},
  timestamp = {Mon, 22 Sep 2014 09:01:43 +0200},
  biburl    = {http://dblp.uni-trier.de/rec/bib/conf/iceis/2014-2},
  bibsource = {dblp computer science bibliography, http://dblp.org}
}

@proceedings{DBLP:conf/icsoft/2014s,
  editor    = {Andreas Holzinger and
               Jorge S. Cardoso and
               Jos{\'{e}} Cordeiro and
               Th{\'{e}}r{\`{e}}se Libourel and
               Leszek A. Maciaszek and
               Marten van Sinderen},
  title     = {Software Technologies - 9th International Joint Conference, {ICSOFT}
               2014, Vienna, Austria, August 29-31, 2014, Revised Selected Papers},
  series    = {Communications in Computer and Information Science},
  volume    = {555},
  publisher = {Springer},
  year      = {2015},
  url       = {http://dx.doi.org/10.1007/978-3-319-25579-8},
  doi       = {10.1007/978-3-319-25579-8},
  isbn      = {978-3-319-25578-1},
  timestamp = {Wed, 02 Nov 2016 16:24:01 +0100},
  biburl    = {http://dblp.uni-trier.de/rec/bib/conf/icsoft/2014s},
  bibsource = {dblp computer science bibliography, http://dblp.org}
}

@proceedings{DBLP:conf/icsoft/2014ea,
  editor    = {Andreas Holzinger and
               Th{\'{e}}r{\`{e}}se Libourel and
               Leszek A. Maciaszek and
               Stephen J. Mellor},
  title     = {{ICSOFT-EA} 2014 - Proceedings of the 9th International Conference
               on Software Engineering and Applications, Vienna, Austria, 29-31 August,
               2014},
  publisher = {SciTePress},
  year      = {2014},
  isbn      = {978-989-758-036-9},
  timestamp = {Tue, 30 Sep 2014 13:38:25 +0200},
  biburl    = {http://dblp.uni-trier.de/rec/bib/conf/icsoft/2014ea},
  bibsource = {dblp computer science bibliography, http://dblp.org}
}

@proceedings{DBLP:conf/indiaSE/2014,
  editor    = {Dharanipragada Janakiram and
               Koushik Sen and
               Vinay Kulkarni},
  title     = {7th India Software Engineering Conference, Chennai, {ISEC} '14, Chennai,
               India - February 19 - 21, 2014},
  publisher = {{ACM}},
  year      = {2014},
  url       = {http://dl.acm.org/citation.cfm?id=2590748},
  isbn      = {978-1-4503-2776-3},
  timestamp = {Thu, 22 May 2014 14:56:43 +0200},
  biburl    = {http://dblp.uni-trier.de/rec/bib/conf/indiaSE/2014},
  bibsource = {dblp computer science bibliography, http://dblp.org}
}

@proceedings{DBLP:conf/models/2014gemoc,
  editor    = {Beno{\^{\i}}t Combemale and
               Julien DeAntoni and
               Robert B. France},
  title     = {Proceedings of the 2nd International Workshop on The Globalization
               of Modeling Languages co-located with {ACM/IEEE} 17th International
               Conference on Model Driven Engineering Languages and Systems, GEMOC@Models
               2014, Valencia, - Spain, September 28, 2014},
  series    = {{CEUR} Workshop Proceedings},
  volume    = {1236},
  publisher = {CEUR-WS.org},
  year      = {2014},
  url       = {http://ceur-ws.org/Vol-1236},
  urn       = {urn:nbn:de:0074-1236-8},
  timestamp = {Mon, 30 May 2016 16:28:38 +0200},
  biburl    = {http://dblp.uni-trier.de/rec/bib/conf/models/2014gemoc},
  bibsource = {dblp computer science bibliography, http://dblp.org}
}

@proceedings{DBLP:conf/models/2014multi,
  editor    = {Colin Atkinson and
               Georg Grossmann and
               Thomas K{\"{u}}hne and
               Juan de Lara},
  title     = {Proceedings of the Workshop on Multi-Level Modelling co-located with
               {ACM/IEEE} 17th International Conference on Model Driven Engineering
               Languages {\&} Systems (MoDELS 2014), Valencia, Spain, September 28,
               2014},
  series    = {{CEUR} Workshop Proceedings},
  volume    = {1286},
  publisher = {CEUR-WS.org},
  year      = {2014},
  url       = {http://ceur-ws.org/Vol-1286},
  urn       = {urn:nbn:de:0074-1286-5},
  timestamp = {Mon, 30 May 2016 16:28:38 +0200},
  biburl    = {http://dblp.uni-trier.de/rec/bib/conf/models/2014multi},
  bibsource = {dblp computer science bibliography, http://dblp.org}
}

@proceedings{DBLP:conf/models/2014ocl,
  editor    = {Achim D. Brucker and
               Carolina Dania and
               Geri Georg and
               Martin Gogolla},
  title     = {Proceedings of the 14th International Workshop on {OCL} and Textual
               Modelling co-located with 17th International Conference on Model Driven
               Engineering Languages and Systems {(MODELS} 2014), Valencia, Spain,
               September 30, 2014},
  series    = {{CEUR} Workshop Proceedings},
  volume    = {1285},
  publisher = {CEUR-WS.org},
  year      = {2014},
  url       = {http://ceur-ws.org/Vol-1285},
  urn       = {urn:nbn:de:0074-1285-1},
  timestamp = {Mon, 30 May 2016 16:28:38 +0200},
  biburl    = {http://dblp.uni-trier.de/rec/bib/conf/models/2014ocl},
  bibsource = {dblp computer science bibliography, http://dblp.org}
}

@proceedings{DBLP:conf/staf/2014volt,
  editor    = {Moussa Amrani and
               Eugene Syriani and
               Manuel Wimmer},
  title     = {Proceedings of the Third International Workshop on Verification of
               Model Transformations co-located with Software Technologies: Applications
               and Foundations, VOLT@STAF 2014, York, UK, July 21, 2014},
  series    = {{CEUR} Workshop Proceedings},
  volume    = {1325},
  publisher = {CEUR-WS.org},
  year      = {2015},
  url       = {http://ceur-ws.org/Vol-1325},
  urn       = {urn:nbn:de:0074-1325-4},
  timestamp = {Mon, 30 May 2016 16:28:37 +0200},
  biburl    = {http://dblp.uni-trier.de/rec/bib/conf/staf/2014volt},
  bibsource = {dblp computer science bibliography, http://dblp.org}
}

@proceedings{DBLP:conf/caise/2013,
  editor    = {Camille Salinesi and
               Moira C. Norrie and
               Oscar Pastor},
  title     = {Advanced Information Systems Engineering - 25th International Conference,
               CAiSE 2013, Valencia, Spain, June 17-21, 2013. Proceedings},
  series    = {Lecture Notes in Computer Science},
  volume    = {7908},
  publisher = {Springer},
  year      = {2013},
  url       = {http://dx.doi.org/10.1007/978-3-642-38709-8},
  doi       = {10.1007/978-3-642-38709-8},
  isbn      = {978-3-642-38708-1},
  timestamp = {Tue, 25 Jun 2013 10:22:54 +0200},
  biburl    = {http://dblp.uni-trier.de/rec/bib/conf/caise/2013},
  bibsource = {dblp computer science bibliography, http://dblp.org}
}

@proceedings{DBLP:conf/ecoop/2013globaldsl,
  editor    = {Beno{\^{\i}}t Combemale and
               Walter Cazzola and
               Robert B. France},
  title     = {Proceedings of the First Workshop on the Globalization of Domain Specific
               Languages, GlobalDSL@ECOOP 2013, Montpellier, France, July 1, 2013},
  publisher = {{ACM}},
  year      = {2013},
  url       = {http://doi.acm.org/10.1145/2489812},
  doi       = {10.1145/2489812},
  isbn      = {978-1-4503-2043-6},
  timestamp = {Tue, 14 Jun 2016 20:34:38 +0200},
  biburl    = {http://dblp.uni-trier.de/rec/bib/conf/ecoop/2013globaldsl},
  bibsource = {dblp computer science bibliography, http://dblp.org}
}

@proceedings{DBLP:conf/gpce/2013,
  editor    = {Jaakko J{\"{a}}rvi and
               Christian K{\"{a}}stner},
  title     = {Generative Programming: Concepts and Experiences, GPCE'13, Indianapolis,
               IN, {USA} - October 27 - 28, 2013},
  publisher = {{ACM}},
  year      = {2013},
  url       = {http://dl.acm.org/citation.cfm?id=2517208},
  isbn      = {978-1-4503-2373-4},
  timestamp = {Fri, 25 Oct 2013 08:33:52 +0200},
  biburl    = {http://dblp.uni-trier.de/rec/bib/conf/gpce/2013},
  bibsource = {dblp computer science bibliography, http://dblp.org}
}

@proceedings{DBLP:conf/icse/2013please,
  title     = {4th International Workshop on Product LinE Approaches in Software
               Engineering, {PLEASE} 2013, San Francisco, CA, USA, May 20, 2013},
  publisher = {{IEEE} Computer Society},
  year      = {2013},
  url       = {http://ieeexplore.ieee.org/xpl/mostRecentIssue.jsp?punumber=6596170},
  isbn      = {978-1-4673-6449-2},
  timestamp = {Tue, 03 May 2016 16:56:29 +0200},
  biburl    = {http://dblp.uni-trier.de/rec/bib/conf/icse/2013please},
  bibsource = {dblp computer science bibliography, http://dblp.org}
}

@proceedings{DBLP:conf/indiaSE/2013,
  editor    = {Sugata Ghosal and
               Gautam Shroff and
               Satish Chandra and
               Nachiappan Nagappan},
  title     = {6th India Software Engineering Conference, {ISEC} '13, New Delhi,
               India - February 21 - 23, 2013},
  publisher = {{ACM}},
  year      = {2013},
  url       = {http://dl.acm.org/citation.cfm?id=2442754},
  isbn      = {978-1-4503-1987-4},
  timestamp = {Tue, 04 Oct 2016 19:33:01 +0200},
  biburl    = {http://dblp.uni-trier.de/rec/bib/conf/indiaSE/2013},
  bibsource = {dblp computer science bibliography, http://dblp.org}
}

@proceedings{DBLP:conf/isdevel/2013,
  editor    = {Mar{\'{\i}}a Jos{\'{e}} Escalona and
               Gustavo Arag{\'{o}}n and
               Henry Linger and
               Michael Lang and
               Chris Barry and
               Christoph Schneider},
  title     = {Information System Development - Improving Enterprise Communication,
               [Proceedings of the 22nd International Conference on Information Systems
               Development, {ISD} 2013, Seville, Spain]},
  publisher = {Springer},
  year      = {2014},
  url       = {http://dx.doi.org/10.1007/978-3-319-07215-9},
  doi       = {10.1007/978-3-319-07215-9},
  isbn      = {978-3-319-07214-2},
  timestamp = {Fri, 12 Feb 2016 07:48:54 +0100},
  biburl    = {http://dblp.uni-trier.de/rec/bib/conf/isdevel/2013},
  bibsource = {dblp computer science bibliography, http://dblp.org}
}

@proceedings{DBLP:conf/models/2013gemoc,
  editor    = {Beno{\^{\i}}t Combemale and
               Julien DeAntoni and
               Robert B. France and
               Balbir Barn and
               Tony Clark and
               Ulrich Frank and
               Vinay Kulkarni and
               Dan Turk},
  title     = {Joint Proceedings of the First International Workshop On the Globalization
               of Modeling Languages {(GEMOC} 2013) and the First International Workshop:
               Towards the Model Driven Organization {(AMINO} 2013) Co-located with
               the 16th International Conference on Model Driven Engineering Languages
               and Systems {(MODELS} 2013), Miami, USA, September 29 - October 04,
               2013},
  series    = {{CEUR} Workshop Proceedings},
  volume    = {1102},
  publisher = {CEUR-WS.org},
  year      = {2013},
  url       = {http://ceur-ws.org/Vol-1102},
  urn       = {urn:nbn:de:0074-1102-0},
  timestamp = {Mon, 30 May 2016 16:28:38 +0200},
  biburl    = {http://dblp.uni-trier.de/rec/bib/conf/models/2013gemoc},
  bibsource = {dblp computer science bibliography, http://dblp.org}
}

@proceedings{DBLP:conf/models/2013ocl,
  editor    = {Jordi Cabot and
               Martin Gogolla and
               Istv{\'{a}}n R{\'{a}}th and
               Edward D. Willink},
  title     = {Proceedings of the {MODELS} 2013 {OCL} Workshop co-located with the
               16th International {ACM/IEEE} Conference on Model Driven Engineering
               Languages and Systems {(MODELS} 2013), Miami, USA, September 30, 2013},
  series    = {{CEUR} Workshop Proceedings},
  volume    = {1092},
  publisher = {CEUR-WS.org},
  year      = {2013},
  url       = {http://ceur-ws.org/Vol-1092},
  urn       = {urn:nbn:de:0074-1092-2},
  timestamp = {Mon, 30 May 2016 16:28:38 +0200},
  biburl    = {http://dblp.uni-trier.de/rec/bib/conf/models/2013ocl},
  bibsource = {dblp computer science bibliography, http://dblp.org}
}

@proceedings{DBLP:conf/modelsward/2013,
  editor    = {Slimane Hammoudi and
               Lu{\'{\i}}s Ferreira Pires and
               Joaquim Filipe and
               Rui C{\'{e}}sar das Neves},
  title     = {{MODELSWARD} 2013 - Proceedings of the 1st International Conference
               on Model-Driven Engineering and Software Development, Barcelona, Spain,
               19 - 21 February, 2013},
  publisher = {SciTePress},
  year      = {2013},
  isbn      = {978-989-8565-42-6},
  timestamp = {Sun, 27 Oct 2013 16:52:08 +0100},
  biburl    = {http://dblp.uni-trier.de/rec/bib/conf/modelsward/2013},
  bibsource = {dblp computer science bibliography, http://dblp.org}
}

@proceedings{DBLP:conf/re/2013modre,
  editor    = {Ana Moreira and
               Gunter Mussbacher and
               Jo{\~{a}}o Ara{\'{u}}jo and
               Nelly Bencomo and
               Pablo S{\'{a}}nchez},
  title     = {International Workshop on Model-Driven Requirements Engineering, MoDRE
               2013, Rio de Janeiro, Brasil, July 15, 2013},
  publisher = {{IEEE} Computer Society},
  year      = {2013},
  url       = {http://ieeexplore.ieee.org/xpl/mostRecentIssue.jsp?punumber=6589046},
  isbn      = {978-1-4799-0946-9},
  timestamp = {Mon, 09 May 2016 13:09:04 +0200},
  biburl    = {http://dblp.uni-trier.de/rec/bib/conf/re/2013modre},
  bibsource = {dblp computer science bibliography, http://dblp.org}
}

@book{DBLP:books/daglib/0032299,
  editor    = {Iris Reinhartz{-}Berger and
               Arnon Sturm and
               Tony Clark and
               Sholom Cohen and
               Jorn Bettin},
  title     = {Domain Engineering, Product Lines, Languages, and Conceptual Models},
  publisher = {Springer},
  year      = {2013},
  url       = {http://dx.doi.org/10.1007/978-3-642-36654-3},
  doi       = {10.1007/978-3-642-36654-3},
  isbn      = {978-3-642-36653-6},
  timestamp = {Mon, 17 Feb 2014 14:35:35 +0100},
  biburl    = {http://dblp.uni-trier.de/rec/bib/books/daglib/0032299},
  bibsource = {dblp computer science bibliography, http://dblp.org}
}

@proceedings{DBLP:conf/fedcsis/2012,
  editor    = {Maria Ganzha and
               Leszek A. Maciaszek and
               Marcin Paprzycki},
  title     = {Federated Conference on Computer Science and Information Systems -
               FedCSIS 2012, Wroclaw, Poland, 9-12 September 2012, Proceedings},
  year      = {2012},
  isbn      = {978-83-60810-51-4},
  timestamp = {Thu, 25 Oct 2012 07:28:11 +0200},
  biburl    = {http://dblp.uni-trier.de/rec/bib/conf/fedcsis/2012},
  bibsource = {dblp computer science bibliography, http://dblp.org}
}

@proceedings{DBLP:conf/icsoft/2012,
  editor    = {Slimane Hammoudi and
               Marten van Sinderen and
               Jos{\'{e}} Cordeiro},
  title     = {{ICSOFT} 2012 - Proceedings of the 7th International Conference on
               Software Paradigm Trends, Rome, Italy, 24 - 27 July, 2012},
  publisher = {SciTePress},
  year      = {2012},
  isbn      = {978-989-8565-19-8},
  timestamp = {Tue, 21 Aug 2012 14:59:55 +0200},
  biburl    = {http://dblp.uni-trier.de/rec/bib/conf/icsoft/2012},
  bibsource = {dblp computer science bibliography, http://dblp.org}
}

@proceedings{DBLP:conf/indiaSE/2012,
  editor    = {Sanjeev K. Aggarwal and
               T. V. Prabhakar and
               Vasudeva Varma and
               Srinivas Padmanabhuni},
  title     = {Proceeding of the 5th Annual India Software Engineering Conference,
               {ISEC} 2012, Kanpur, India, February 22-25, 2012},
  publisher = {{ACM}},
  year      = {2012},
  isbn      = {978-1-4503-1142-7},
  timestamp = {Thu, 01 Mar 2012 07:36:28 +0100},
  biburl    = {http://dblp.uni-trier.de/rec/bib/conf/indiaSE/2012},
  bibsource = {dblp computer science bibliography, http://dblp.org}
}

@proceedings{DBLP:conf/pret/2012,
  editor    = {Erik Proper and
               Khaled Gaaloul and
               Frank Harmsen and
               Stanislaw Wrycza},
  title     = {Practice-Driven Research on Enterprise Transformation - 4th Working
               Conference, {PRET} 2012, Gda{\'{n}}sk, Poland, June 27, 2012. Proceedings},
  series    = {Lecture Notes in Business Information Processing},
  volume    = {120},
  publisher = {Springer},
  year      = {2012},
  url       = {http://dx.doi.org/10.1007/978-3-642-31134-5},
  doi       = {10.1007/978-3-642-31134-5},
  isbn      = {978-3-642-31133-8},
  timestamp = {Sun, 08 Jul 2012 17:11:29 +0200},
  biburl    = {http://dblp.uni-trier.de/rec/bib/conf/pret/2012},
  bibsource = {dblp computer science bibliography, http://dblp.org}
}

@proceedings{DBLP:conf/caise/2011,
  editor    = {Haralambos Mouratidis and
               Colette Rolland},
  title     = {Advanced Information Systems Engineering - 23rd International Conference,
               CAiSE 2011, London, UK, June 20-24, 2011. Proceedings},
  series    = {Lecture Notes in Computer Science},
  volume    = {6741},
  publisher = {Springer},
  year      = {2011},
  url       = {http://dx.doi.org/10.1007/978-3-642-21640-4},
  doi       = {10.1007/978-3-642-21640-4},
  isbn      = {978-3-642-21639-8},
  timestamp = {Mon, 04 Jul 2011 14:38:23 +0200},
  biburl    = {http://dblp.uni-trier.de/rec/bib/conf/caise/2011},
  bibsource = {dblp computer science bibliography, http://dblp.org}
}

@proceedings{DBLP:conf/icsoft/2011-1,
  editor    = {Mar{\'{\i}}a Jos{\'{e}} Escalona Cuaresma and
               Boris Shishkov and
               Jos{\'{e}} Cordeiro},
  title     = {{ICSOFT} 2011 - Proceedings of the 6th International Conference on
               Software and Data Technologies, Volume 1, Seville, Spain, 18-21 July,
               2011},
  publisher = {SciTePress},
  year      = {2011},
  isbn      = {978-989-8425-76-8},
  timestamp = {Wed, 28 Sep 2011 18:26:31 +0200},
  biburl    = {http://dblp.uni-trier.de/rec/bib/conf/icsoft/2011-1},
  bibsource = {dblp computer science bibliography, http://dblp.org}
}

@proceedings{DBLP:conf/indiaSE/2011,
  editor    = {Arun Bahulkar and
               K. Kesavasamy and
               T. V. Prabhakar and
               Gautam Shroff},
  title     = {Proceeding of the 4th Annual India Software Engineering Conference,
               {ISEC} 2011, Thiruvananthapuram, Kerala, India, February 24-27, 2011},
  publisher = {{ACM}},
  year      = {2011},
  isbn      = {978-1-4503-0559-4},
  timestamp = {Tue, 15 Mar 2011 09:14:49 +0100},
  biburl    = {http://dblp.uni-trier.de/rec/bib/conf/indiaSE/2011},
  bibsource = {dblp computer science bibliography, http://dblp.org}
}

@proceedings{DBLP:conf/middleware/2011mmpac,
  editor    = {Sotirios Terzis},
  title     = {Proceedings of the Third International Workshop on Middleware for
               Pervasive Mobile and Embedded Computing {(M-MPAC} 2011), Lisbon, Portugal,
               December 12 - 16, 2011},
  publisher = {{ACM}},
  year      = {2011},
  url       = {http://doi.acm.org/10.1145/2090316},
  doi       = {10.1145/2090316},
  isbn      = {978-1-4503-1065-9},
  timestamp = {Sat, 05 Nov 2016 11:53:36 +0100},
  biburl    = {http://dblp.uni-trier.de/rec/bib/conf/middleware/2011mmpac},
  bibsource = {dblp computer science bibliography, http://dblp.org}
}

@proceedings{DBLP:conf/simpda/2011,
  editor    = {Karl Aberer and
               Ernesto Damiani and
               Tharam S. Dillon},
  title     = {Data-Driven Process Discovery and Analysis - First International Symposium,
               {SIMPDA} 2011, Campione d'Italia, Italy, June 29 - July 1, 2011, Revised
               Selected Papers},
  series    = {Lecture Notes in Business Information Processing},
  volume    = {116},
  publisher = {Springer},
  year      = {2012},
  url       = {http://dx.doi.org/10.1007/978-3-642-34044-4},
  doi       = {10.1007/978-3-642-34044-4},
  isbn      = {978-3-642-34043-7},
  timestamp = {Thu, 09 May 2013 17:38:03 +0200},
  biburl    = {http://dblp.uni-trier.de/rec/bib/conf/simpda/2011},
  bibsource = {dblp computer science bibliography, http://dblp.org}
}

@proceedings{DBLP:conf/sose/2011,
  editor    = {Jerry Zeyu Gao and
               Xiaodong Lu and
               Muhammad Younas and
               Hong Zhu},
  title     = {{IEEE} 6th International Symposium on Service Oriented System Engineering,
               {SOSE} 2011, Irvine, CA, USA, December 12-14, 2011},
  publisher = {{IEEE} Computer Society},
  year      = {2011},
  url       = {http://ieeexplore.ieee.org/xpl/mostRecentIssue.jsp?punumber=6132474},
  isbn      = {978-1-4673-0411-5},
  timestamp = {Fri, 26 Jun 2015 14:13:26 +0200},
  biburl    = {http://dblp.uni-trier.de/rec/bib/conf/sose/2011},
  bibsource = {dblp computer science bibliography, http://dblp.org}
}

@proceedings{DBLP:conf/er/2010w,
  editor    = {Juan Trujillo and
               Gillian Dobbie and
               Hannu Kangassalo and
               Sven Hartmann and
               Markus Kirchberg and
               Matti Rossi and
               Iris Reinhartz{-}Berger and
               Esteban Zim{\'{a}}nyi and
               Flavius Frasincar},
  title     = {Advances in Conceptual Modeling - Applications and Challenges, {ER}
               2010 Workshops ACM-L, CMLSA, CMS, DE@ER, FP-UML, SeCoGIS, WISM, Vancouver,
               BC, Canada, November 1-4, 2010. Proceedings},
  series    = {Lecture Notes in Computer Science},
  volume    = {6413},
  publisher = {Springer},
  year      = {2010},
  url       = {http://dx.doi.org/10.1007/978-3-642-16385-2},
  doi       = {10.1007/978-3-642-16385-2},
  isbn      = {978-3-642-16384-5},
  timestamp = {Sun, 07 Nov 2010 15:32:50 +0100},
  biburl    = {http://dblp.uni-trier.de/rec/bib/conf/er/2010w},
  bibsource = {dblp computer science bibliography, http://dblp.org}
}

@proceedings{DBLP:conf/hcse/2010,
  editor    = {Regina Bernhaupt and
               Peter Forbrig and
               Jan Gulliksen and
               Marta L{\'{a}}rusd{\'{o}}ttir},
  title     = {Human-Centred Software Engineering - Third International Conference,
               {HCSE} 2010, Reykjavik, Iceland, October 14-15, 2010. Proceedings},
  series    = {Lecture Notes in Computer Science},
  volume    = {6409},
  publisher = {Springer},
  year      = {2010},
  url       = {http://dx.doi.org/10.1007/978-3-642-16488-0},
  doi       = {10.1007/978-3-642-16488-0},
  isbn      = {978-3-642-16487-3},
  timestamp = {Tue, 23 Nov 2010 09:56:29 +0100},
  biburl    = {http://dblp.uni-trier.de/rec/bib/conf/hcse/2010},
  bibsource = {dblp computer science bibliography, http://dblp.org}
}

@proceedings{DBLP:conf/iceis/2010-1,
  editor    = {Joaquim Filipe and
               Jos{\'{e}} Cordeiro},
  title     = {{ICEIS} 2010 - Proceedings of the 12th International Conference on
               Enterprise Information Systems, Volume 1, DISI, Funchal, Madeira,
               Portugal, June 8 - 12, 2010},
  publisher = {SciTePress},
  year      = {2010},
  isbn      = {978-989-8425-04-1},
  timestamp = {Mon, 03 Jan 2011 21:15:39 +0100},
  biburl    = {http://dblp.uni-trier.de/rec/bib/conf/iceis/2010-1},
  bibsource = {dblp computer science bibliography, http://dblp.org}
}

@proceedings{DBLP:conf/icsoft/2010-2,
  editor    = {Jos{\'{e}} A. Moinhos Cordeiro and
               Maria Virvou and
               Boris Shishkov},
  title     = {{ICSOFT} 2010 - Proceedings of the Fifth International Conference
               on Software and Data Technologies, Volume 2, Athens, Greece, July
               22-24, 2010},
  publisher = {SciTePress},
  year      = {2010},
  isbn      = {978-989-8425-23-2},
  timestamp = {Thu, 28 Apr 2011 13:13:12 +0200},
  biburl    = {http://dblp.uni-trier.de/rec/bib/conf/icsoft/2010-2},
  bibsource = {dblp computer science bibliography, http://dblp.org}
}

@proceedings{DBLP:conf/models/2010w,
  editor    = {J{\"{u}}rgen Dingel and
               Arnor Solberg},
  title     = {Models in Software Engineering - Workshops and Symposia at {MODELS}
               2010, Oslo, Norway, October 2-8, 2010, Reports and Revised Selected
               Papers},
  series    = {Lecture Notes in Computer Science},
  volume    = {6627},
  publisher = {Springer},
  year      = {2011},
  url       = {http://dx.doi.org/10.1007/978-3-642-21210-9},
  doi       = {10.1007/978-3-642-21210-9},
  isbn      = {978-3-642-21209-3},
  timestamp = {Thu, 19 May 2011 08:05:36 +0200},
  biburl    = {http://dblp.uni-trier.de/rec/bib/conf/models/2010w},
  bibsource = {dblp computer science bibliography, http://dblp.org}
}

@proceedings{DBLP:conf/nesea/2010,
  title     = {Proceedings of the 1st {IEEE} International Conference on Networked
               Embedded Systems for Enterprise Applications, {NESEA} 2010, November
               25-26, 2010, Suzhou, China},
  publisher = {{IEEE} Computer Society},
  year      = {2010},
  url       = {http://ieeexplore.ieee.org/xpl/mostRecentIssue.jsp?punumber=5673937},
  isbn      = {978-1-4244-9177-3},
  timestamp = {Tue, 23 Jun 2015 17:24:12 +0200},
  biburl    = {http://dblp.uni-trier.de/rec/bib/conf/nesea/2010},
  bibsource = {dblp computer science bibliography, http://dblp.org}
}

@proceedings{DBLP:conf/cikm/2009dsmm,
  editor    = {Audris Mockus and
               Seung{-}won Hwang and
               Sunghun Kim},
  title     = {Proceeding of the {ACM} First International Workshop on Data-Intensive
               Software Management and Mining, {CIKM-DSMM} 2009, Hong Kong, China,
               November 6, 2009},
  publisher = {{ACM}},
  year      = {2009},
  isbn      = {978-1-60558-810-0},
  timestamp = {Wed, 04 Jan 2017 18:25:51 +0100},
  biburl    = {http://dblp.uni-trier.de/rec/bib/conf/cikm/2009dsmm},
  bibsource = {dblp computer science bibliography, http://dblp.org}
}

@proceedings{DBLP:conf/icse/2009ast,
  editor    = {Dimitris Dranidis and
               Stephen P. Masticola and
               Paul A. Strooper},
  title     = {Proceedings of the 4th International Workshop on Automation of Software
               Test, {AST} 2009, Vancouver, BC, Canada, May 18-19, 2009},
  publisher = {{IEEE} Computer Society},
  year      = {2009},
  url       = {http://ieeexplore.ieee.org/xpl/mostRecentIssue.jsp?punumber=5061534},
  isbn      = {978-1-4244-3711-5},
  timestamp = {Tue, 03 May 2016 15:55:05 +0200},
  biburl    = {http://dblp.uni-trier.de/rec/bib/conf/icse/2009ast},
  bibsource = {dblp computer science bibliography, http://dblp.org}
}

@proceedings{DBLP:conf/oopsla/2009c,
  editor    = {Shail Arora and
               Gary T. Leavens},
  title     = {Companion to the 24th Annual {ACM} {SIGPLAN} Conference on Object-Oriented
               Programming, Systems, Languages, and Applications, {OOPSLA} 2009,
               October 25-29, 2009, Orlando, Florida, {USA}},
  publisher = {{ACM}},
  year      = {2009},
  isbn      = {978-1-60558-768-4},
  timestamp = {Fri, 30 Oct 2009 14:03:24 +0100},
  biburl    = {http://dblp.uni-trier.de/rec/bib/conf/oopsla/2009c},
  bibsource = {dblp computer science bibliography, http://dblp.org}
}

@proceedings{DBLP:conf/scam/2008,
  title     = {Eighth {IEEE} International Working Conference on Source Code Analysis
               and Manipulation {(SCAM} 2008), 28-29 September 2008, Beijing, China},
  publisher = {{IEEE} Computer Society},
  year      = {2008},
  url       = {http://ieeexplore.ieee.org/xpl/mostRecentIssue.jsp?punumber=4637522},
  isbn      = {978-0-7695-3353-7},
  timestamp = {Wed, 15 Apr 2015 18:38:13 +0200},
  biburl    = {http://dblp.uni-trier.de/rec/bib/conf/scam/2008},
  bibsource = {dblp computer science bibliography, http://dblp.org}
}

@proceedings{DBLP:conf/gg/2004,
  editor    = {Hartmut Ehrig and
               Gregor Engels and
               Francesco Parisi{-}Presicce and
               Grzegorz Rozenberg},
  title     = {Graph Transformations, Second International Conference, {ICGT} 2004,
               Rome, Italy, September 28 - October 2, 2004, Proceedings},
  series    = {Lecture Notes in Computer Science},
  volume    = {3256},
  publisher = {Springer},
  year      = {2004},
  isbn      = {3-540-23207-9},
  timestamp = {Mon, 20 Dec 2004 09:13:31 +0100},
  biburl    = {http://dblp.uni-trier.de/rec/bib/conf/gg/2004},
  bibsource = {dblp computer science bibliography, http://dblp.org}
}

@proceedings{DBLP:conf/fase/2002,
  editor    = {Ralf{-}Detlef Kutsche and
               Herbert Weber},
  title     = {Fundamental Approaches to Software Engineering, 5th International
               Conference, {FASE} 2002, held as Part of the Joint European Conferences
               on Theory and Practice of Software, {ETAPS} 2002, Grenoble, France,
               April 8-12, 2002, Proceedings},
  series    = {Lecture Notes in Computer Science},
  volume    = {2306},
  publisher = {Springer},
  year      = {2002},
  isbn      = {3-540-43353-8},
  timestamp = {Mon, 18 Mar 2002 08:49:02 +0100},
  biburl    = {http://dblp.uni-trier.de/rec/bib/conf/fase/2002},
  bibsource = {dblp computer science bibliography, http://dblp.org}
}

@proceedings{DBLP:conf/ocl/2002,
  editor    = {Tony Clark and
               Jos Warmer},
  title     = {Object Modeling with the OCL, The Rationale behind the Object Constraint
               Language},
  series    = {Lecture Notes in Computer Science},
  volume    = {2263},
  publisher = {Springer},
  year      = {2002},
  isbn      = {3-540-43169-1},
  timestamp = {Tue, 26 Feb 2002 08:04:14 +0100},
  biburl    = {http://dblp.uni-trier.de/rec/bib/conf/ocl/2002},
  bibsource = {dblp computer science bibliography, http://dblp.org}
}

@proceedings{DBLP:conf/oois/2002w,
  editor    = {Jean{-}Michel Bruel and
               Zohra Bellahsene},
  title     = {Advances in Object-Oriented Information Systems, {OOIS} 2002 Workshops,
               Montpellier, France, September 2, 2002, Proceedings},
  series    = {Lecture Notes in Computer Science},
  volume    = {2426},
  publisher = {Springer},
  year      = {2002},
  isbn      = {3-540-44088-7},
  timestamp = {Mon, 21 Oct 2002 10:49:45 +0200},
  biburl    = {http://dblp.uni-trier.de/rec/bib/conf/oois/2002w},
  bibsource = {dblp computer science bibliography, http://dblp.org}
}

@proceedings{DBLP:conf/uml/2002,
  editor    = {Jean{-}Marc J{\'{e}}z{\'{e}}quel and
               Heinrich Hu{\ss}mann and
               Stephen Cook},
  title     = {{UML} 2002 - The Unified Modeling Language, 5th International Conference,
               Dresden, Germany, September 30 - October 4, 2002, Proceedings},
  series    = {Lecture Notes in Computer Science},
  volume    = {2460},
  publisher = {Springer},
  year      = {2002},
  isbn      = {3-540-44254-5},
  timestamp = {Fri, 11 Oct 2002 09:49:14 +0200},
  biburl    = {http://dblp.uni-trier.de/rec/bib/conf/uml/2002},
  bibsource = {dblp computer science bibliography, http://dblp.org}
}

@proceedings{DBLP:conf/fase/2001,
  editor    = {Heinrich Hu{\ss}mann},
  title     = {Fundamental Approaches to Software Engineering, 4th International
               Conference, {FASE} 2001 Held as Part of the Joint European Conferences
               on Theory and Practice of Software, {ETAPS} 2001 Genova, Italy, April
               2-6, 2001, Proceedings},
  series    = {Lecture Notes in Computer Science},
  volume    = {2029},
  publisher = {Springer},
  year      = {2001},
  isbn      = {3-540-41863-6},
  timestamp = {Mon, 18 Mar 2002 08:48:59 +0100},
  biburl    = {http://dblp.uni-trier.de/rec/bib/conf/fase/2001},
  bibsource = {dblp computer science bibliography, http://dblp.org}
}

@proceedings{DBLP:conf/uml/2001,
  editor    = {Martin Gogolla and
               Cris Kobryn},
  title     = {{\guillemotleft}UML{\guillemotright} 2001 - The Unified Modeling Language,
               Modeling Languages, Concepts, and Tools, 4th International Conference,
               Toronto, Canada, October 1-5, 2001, Proceedings},
  series    = {Lecture Notes in Computer Science},
  volume    = {2185},
  publisher = {Springer},
  year      = {2001},
  isbn      = {3-540-42667-1},
  timestamp = {Thu, 03 Jan 2002 12:10:40 +0100},
  biburl    = {http://dblp.uni-trier.de/rec/bib/conf/uml/2001},
  bibsource = {dblp computer science bibliography, http://dblp.org}
}

@proceedings{DBLP:conf/room/2000,
  title     = {Rigorous Object-Oriented Methods, {ROOM} 2000, York, UK, 17 January
               2000},
  series    = {Workshops in Computing},
  publisher = {{BCS}},
  year      = {2000},
  timestamp = {Wed, 16 Mar 2005 14:29:12 +0100},
  biburl    = {http://dblp.uni-trier.de/rec/bib/conf/room/2000},
  bibsource = {dblp computer science bibliography, http://dblp.org}
}

@proceedings{DBLP:conf/ecoopw/1999,
  editor    = {Ana M. D. Moreira and
               Serge Demeyer},
  title     = {Object-Oriented Technology, ECOOP'99 Workshop Reader, ECOOP'99 Workshops,
               Panels, and Posters, Lisbon, Portugal, June 14-18, 1999, Proceedings},
  series    = {Lecture Notes in Computer Science},
  volume    = {1743},
  publisher = {Springer},
  year      = {1999},
  isbn      = {3-540-66954-X},
  timestamp = {Mon, 22 Apr 2002 11:23:19 +0200},
  biburl    = {http://dblp.uni-trier.de/rec/bib/conf/ecoopw/1999},
  bibsource = {dblp computer science bibliography, http://dblp.org}
}

@proceedings{DBLP:conf/uml/1999,
  editor    = {Robert B. France and
               Bernhard Rumpe},
  title     = {{\guillemotleft}UML{\guillemotright}'99: The Unified Modeling Language
               - Beyond the Standard, Second International Conference, Fort Collins,
               CO, USA, October 28-30, 1999, Proceedings},
  series    = {Lecture Notes in Computer Science},
  volume    = {1723},
  publisher = {Springer},
  year      = {1999},
  timestamp = {Thu, 03 Jan 2002 12:10:40 +0100},
  biburl    = {http://dblp.uni-trier.de/rec/bib/conf/uml/1999},
  bibsource = {dblp computer science bibliography, http://dblp.org}
}

