@article{DBLP:journals/emisaij/Clark18,
  author    = {Tony Clark},
  title     = {Introduction to the Special Issue on Model-Driven Organisations},
  journal   = {Enterprise Modelling and Information Systems Architectures},
  volume    = {13},
  pages     = {3:1--3:3},
  year      = {2018},
  url       = {https://doi.org/10.18417/emisa.13.3},
  doi       = {10.18417/emisa.13.3},
  timestamp = {Fri, 27 Apr 2018 01:00:00 +0200},
  biburl    = {https://dblp.org/rec/bib/journals/emisaij/Clark18},
  bibsource = {dblp computer science bibliography, https://dblp.org}
}

@inproceedings{karmani2009actor,
  title={Actor frameworks for the JVM platform: a comparative analysis},
  author={Karmani, Rajesh K and Shali, Amin and Agha, Gul},
  booktitle={Proceedings of the 7th International Conference on Principles and Practice of Programming in Java},
  pages={11--20},
  year={2009},
  organization={ACM}
}

@inproceedings{DBLP:conf/indiaSE/ClarkKBB18,
  author    = {Tony Clark and
               Vinay Kulkarni and
               Souvik Barat and
               Balbir Barn},
  title     = {Actor-Based Methods, Concepts and Tools for Analysing Emergent Behaviour:
               An Introduction to a Model Based Approach},
  booktitle = {Proceedings of the 11th Innovations in Software Engineering Conference,
               {ISEC} 2018},
  pages     = {21:1--21:2},
  year      = {2018},
  %crossref  = {DBLP:conf/indiaSE/2018},
  url       = {http://doi.acm.org/10.1145/3172871.3180077},
  doi       = {10.1145/3172871.3180077},
  timestamp = {Thu, 22 Feb 2018 01:21:55 +0100},
  biburl    = {https://dblp.org/rec/bib/conf/indiaSE/ClarkKBB18},
  bibsource = {dblp computer science bibliography, https://dblp.org}
}

@incollection{DBLP:series/lncs/ClarkKBB18,
  author    = {Tony Clark and
               Vinay Kulkarni and
               Souvik Barat and
               Balbir Barn},
  title     = {A Homogeneous Actor-Based Monitor Language for Adaptive Behaviour},
  booktitle = {Programming with Actors - State-of-the-Art and Research Perspectives},
  pages     = {216--244},
  year      = {2018},
  %crossref  = {DBLP:series/lncs/10789},
  url       = {https://doi.org/10.1007/978-3-030-00302-9\_8},
  doi       = {10.1007/978-3-030-00302-9\_8},
  timestamp = {Tue, 11 Sep 2018 10:44:37 +0200},
  biburl    = {https://dblp.org/rec/bib/series/lncs/ClarkKBB18},
  bibsource = {dblp computer science bibliography, https://dblp.org}
}


@inproceedings{DBLP:conf/er/ClarkKBB17,
  author    = {Tony Clark and
               Vinay Kulkarni and
               Balbir Barn and
               Souvik Barat},
  title     = {The Construction and Interrogation of Actor Based Simulation Histories},
  booktitle = {{ER} Forum 2017},
  pages     = {320--333},
  year      = {2017},
  %crossref  = {DBLP:conf/er/2017f},
  url       = {http://ceur-ws.org/Vol-1979/paper-141.pdf},
  timestamp = {Tue, 07 Nov 2017 16:55:58 +0100},
  biburl    = {https://dblp.org/rec/bib/conf/er/ClarkKBB17},
  bibsource = {dblp computer science bibliography, https://dblp.org}
}

@inproceedings{DBLP:conf/ifip8-1/BaratKCB17,
  author    = {Souvik Barat and
               Vinay Kulkarni and
               Tony Clark and
               Balbir Barn},
  title     = {A Method for Effective Use of Enterprise Modelling Techniques in Complex
               Dynamic Decision Making},
  booktitle = {The Practice of Enterprise Modeling - 10th {IFIP} {WG} 8.1. 2017},
  pages     = {319--330},
  year      = {2017},
  %crossref  = {DBLP:conf/ifip8-1/2017},
  url       = {https://doi.org/10.1007/978-3-319-70241-4\_21},
  doi       = {10.1007/978-3-319-70241-4\_21},
  timestamp = {Sun, 19 Nov 2017 17:54:39 +0100},
  biburl    = {https://dblp.org/rec/bib/conf/ifip8-1/BaratKCB17},
  bibsource = {dblp computer science bibliography, https://dblp.org}
}

@inproceedings{DBLP:conf/indiaSE/ClarkKBB17,
  author    = {Tony Clark and
               Vinay Kulkarni and
               Souvik Barat and
               Balbir Barn},
  title     = {Actor Monitors for Adaptive Behaviour},
  booktitle = {{ISEC} 2017},
  pages     = {85--95},
  year      = {2017},
  %crossref  = {DBLP:conf/indiaSE/2017},
  url       = {http://dl.acm.org/citation.cfm?id=3021469},
  timestamp = {Mon, 09 Jan 2017 09:02:26 +0100},
  biburl    = {https://dblp.org/rec/bib/conf/indiaSE/ClarkKBB17},
  bibsource = {dblp computer science bibliography, https://dblp.org}
}


@inproceedings{DBLP:conf/isdevel/ClarkBKB17,
  author    = {Tony Clark and
               Balbir Barn and
               Vinay Kulkarni and
               Souvik Barat},
  title     = {Querying Histories of Organisation Simulations},
  booktitle = {Information Systems Development 2017},
  year      = {2017},
  %crossref  = {DBLP:conf/isdevel/2017},
  url       = {http://aisel.aisnet.org/isd2014/proceedings2017/ISDMethodologies/9},
  timestamp = {Wed, 06 Jun 2018 07:39:37 +0200},
  biburl    = {https://dblp.org/rec/bib/conf/isdevel/ClarkBKB17},
  bibsource = {dblp computer science bibliography, https://dblp.org}
}

@inproceedings{DBLP:conf/models/ClarkKBB17,
  author    = {Tony Clark and
               Vinay Kulkarni and
               Souvik Barat and
               Balbir Barn},
  title     = {Generating Filmstrip Models from Actor-Based Systems},
  booktitle = {Proceedings of {MODELS} 2017 Satellite Event},
  pages     = {576--582},
  year      = {2017},
  %crossref  = {DBLP:conf/models/2017s},
  url       = {http://ceur-ws.org/Vol-2019/demos\_4.pdf},
  timestamp = {Tue, 19 Dec 2017 19:42:26 +0100},
  biburl    = {https://dblp.org/rec/bib/conf/models/ClarkKBB17},
  bibsource = {dblp computer science bibliography, https://dblp.org}
}

@inproceedings{DBLP:conf/modelsward/BaratKCB17a,
  author    = {Souvik Barat and
               Vinay Kulkarni and
               Tony Clark and
               Balbir Barn},
  title     = {A Model Based Approach for Complex Dynamic Decision-Making},
  booktitle = {{MODELSWARD} 2017,
               Revised Selected Papers},
  pages     = {94--118},
  year      = {2017},
  %%crossref  = {DBLP:conf/modelsward/2017s},
  url       = {https://doi.org/10.1007/978-3-319-94764-8\_5},
  doi       = {10.1007/978-3-319-94764-8\_5},
  timestamp = {Mon, 16 Jul 2018 14:26:59 +0200},
  biburl    = {https://dblp.org/rec/bib/conf/modelsward/BaratKCB17a},
  bibsource = {dblp computer science bibliography, https://dblp.org}
}

@inproceedings{DBLP:conf/modelsward/BaratKCB17,
  author    = {Souvik Barat and
               Vinay Kulkarni and
               Tony Clark and
               Balbir Barn},
  title     = {A Model based Realisation of Actor Model to Conceptualise an Aid for
               Complex Dynamic Decision-making},
  booktitle = {{MODELSWARD} 2017},
  pages     = {605--616},
  year      = {2017},
  %crossref  = {DBLP:conf/modelsward/2017},
  url       = {https://doi.org/10.5220/0006216306050616},
  doi       = {10.5220/0006216306050616},
  timestamp = {Thu, 18 May 2017 13:08:52 +0200},
  biburl    = {https://dblp.org/rec/bib/conf/modelsward/BaratKCB17},
  bibsource = {dblp computer science bibliography, https://dblp.org}
}

@inproceedings{DBLP:conf/paams/ClarkKBB17,
  author    = {Tony Clark and
               Vinay Kulkarni and
               Souvik Barat and
               Balbir Barn},
  title     = {{ESL:} An Actor-Based Platform for Developing Emergent Behaviour Organisation
               Simulations},
  booktitle = {Advances in Practical Applications of Cyber-Physical Multi-Agent Systems 2017},
  pages     = {311--315},
  year      = {2017},
  %crossref  = {DBLP:conf/paams/2017},
  url       = {https://doi.org/10.1007/978-3-319-59930-4\_27},
  doi       = {10.1007/978-3-319-59930-4\_27},
  timestamp = {Mon, 06 Nov 2017 00:00:00 +0100},
  biburl    = {https://dblp.org/rec/bib/conf/paams/ClarkKBB17},
  bibsource = {dblp computer science bibliography, https://dblp.org}
}

@inproceedings{DBLP:conf/wsc/BaratKCB17,
  author    = {Souvik Barat and
               Vinay Kulkarni and
               Tony Clark and
               Balbir Barn},
  title     = {An actor-model based bottom-up simulation - An experiment on Indian
               demonetisation initiative},
  booktitle = {2017 Winter Simulation Conference, {WSC} 2017},
  pages     = {860--871},
  year      = {2017},
  %crossref  = {DBLP:conf/wsc/2017},
  url       = {https://doi.org/10.1109/WSC.2017.8247838},
  doi       = {10.1109/WSC.2017.8247838},
  timestamp = {Wed, 15 Aug 2018 09:33:55 +0200},
  biburl    = {https://dblp.org/rec/bib/conf/wsc/BaratKCB17},
  bibsource = {dblp computer science bibliography, https://dblp.org}
}

@inproceedings{DBLP:conf/icsoft/BaratKCB16,
  author    = {Souvik Barat and
               Vinay Kulkarni and
               Tony Clark and
               Balbir Barn},
  title     = {A Simulation-based Aid for Organisational Decision-making},
  booktitle = {Proceedings of the 11th International Joint Conference on Software
               Technologies {(ICSOFT} 2016) - Volume 2: ICSOFT-PT, Lisbon, Portugal,
               July 24 - 26, 2016.},
  pages     = {109--116},
  year      = {2016},
  %crossref  = {DBLP:conf/icsoft/2016-2},
  url       = {https://doi.org/10.5220/0005992401090116},
  doi       = {10.5220/0005992401090116},
  timestamp = {Thu, 14 Dec 2017 12:26:02 +0100},
  biburl    = {https://dblp.org/rec/bib/conf/icsoft/BaratKCB16},
  bibsource = {dblp computer science bibliography, https://dblp.org}
}

@inproceedings{DBLP:conf/ifip8-1/BaratKCB16,
  author    = {Souvik Barat and
               Vinay Kulkarni and
               Tony Clark and
               Balbir Barn},
  title     = {Enterprise Modeling as a Decision Making Aid: {A} Systematic Mapping
               Study},
  booktitle = {The Practice of Enterprise Modeling - 9th {IFIP} {WG} 8.1. 2016},
  pages     = {289--298},
  year      = {2016},
  %crossref  = {DBLP:conf/ifip8-1/2016},
  url       = {https://doi.org/10.1007/978-3-319-48393-1\_20},
  doi       = {10.1007/978-3-319-48393-1\_20},
  timestamp = {Mon, 06 Nov 2017 00:00:00 +0100},
  biburl    = {https://dblp.org/rec/bib/conf/ifip8-1/BaratKCB16},
  bibsource = {dblp computer science bibliography, https://dblp.org}
}


@inproceedings{DBLP:conf/caise/KulkarniBCB15,
  author    = {Vinay Kulkarni and
               Souvik Barat and
               Tony Clark and
               Balbir Barn},
  title     = {A Wide-Spectrum Approach to Modelling and Analysis of Organisation
               for Machine-Assisted Decision-Making},
  booktitle = {Enterprise and Organizational Modeling and Simulation - 11th International
               Workshop, {EOMAS} 2015, Held at CAiSE 2015, Stockholm, Sweden, June
               8-9, 2015, Selected Papers},
  pages     = {87--101},
  year      = {2015},
  %crossref  = {DBLP:conf/caise/2015eomas},
  url       = {https://doi.org/10.1007/978-3-319-24626-0\_7},
  doi       = {10.1007/978-3-319-24626-0\_7},
  timestamp = {Mon, 06 Nov 2017 00:00:00 +0100},
  biburl    = {https://dblp.org/rec/bib/conf/caise/KulkarniBCB15},
  bibsource = {dblp computer science bibliography, https://dblp.org}
}


@inproceedings{DBLP:conf/models/KulkarniBCB15,
  author    = {Vinay Kulkarni and
               Souvik Barat and
               Tony Clark and
               Balbir S. Barn},
  title     = {Toward overcoming accidental complexity in organisational decision-making},
  booktitle = {MoDELS 2015},
  pages     = {368--377},
  year      = {2015},
  %crossref  = {DBLP:conf/models/2015},
  url       = {https://doi.org/10.1109/MODELS.2015.7338268},
  doi       = {10.1109/MODELS.2015.7338268},
  timestamp = {Mon, 06 Nov 2017 00:00:00 +0100},
  biburl    = {https://dblp.org/rec/bib/conf/models/KulkarniBCB15},
  bibsource = {dblp computer science bibliography, https://dblp.org}
}

@inproceedings{DBLP:conf/modelsward/ClarkB15,
  author    = {Tony Clark and
               Balbir S. Barn},
  title     = {Using a Projectional Editor to Implement Interactive Model Navigation
               and View Control},
  booktitle = {{MODELSWARD} 2015.},
  pages     = {338--345},
  year      = {2015},
  %crossref  = {DBLP:conf/modelsward/2015},
  timestamp = {Tue, 17 Nov 2015 15:54:11 +0100},
  biburl    = {https://dblp.org/rec/bib/conf/modelsward/ClarkB15},
  bibsource = {dblp computer science bibliography, https://dblp.org}
}

@inproceedings{DBLP:conf/sac/NwokejiCBK15,
  author    = {Joshua Chibuike Nwokeji and
               Tony Clark and
               Balbir S. Barn and
               Vinay Kulkarni},
  title     = {A conceptual framework for enterprise agility},
  booktitle = {Proceedings of the 30th Annual {ACM} Symposium on Applied Computing,
               Salamanca, Spain, April 13-17, 2015},
  pages     = {1242--1244},
  year      = {2015},
  %crossref  = {DBLP:conf/sac/2015},
  url       = {http://doi.acm.org/10.1145/2695664.2699495},
  doi       = {10.1145/2695664.2699495},
  timestamp = {Mon, 06 Nov 2017 00:00:00 +0100},
  biburl    = {https://dblp.org/rec/bib/conf/sac/NwokejiCBK15},
  bibsource = {dblp computer science bibliography, https://dblp.org}
}

@inproceedings{DBLP:conf/summersim/KulkarniBCB15,
  author    = {Vinay Kulkarni and
               Souvik Barat and
               Tony Clark and
               Balbir Barn},
  title     = {Using simulation to address intrinsic complexity in multi-modelling
               of enterprises for decision making},
  booktitle = {SummerSim
               2015},
  pages     = {9:1--9:11},
  year      = {2015},
  %crossref  = {DBLP:conf/summersim/2015},
  url       = {http://dl.acm.org/citation.cfm?id=2874925},
  timestamp = {Thu, 07 Apr 2016 01:00:00 +0200},
  biburl    = {https://dblp.org/rec/bib/conf/summersim/KulkarniBCB15},
  bibsource = {dblp computer science bibliography, https://dblp.org}
}


@article{DBLP:journals/corr/ClarkKO15,
  author    = {Tony Clark and
               Dean Kramer and
               Samia Oussena},
  title     = {Model Driven Reactive Applications},
  journal   = {CoRR},
  volume    = {abs/1506.03380},
  year      = {2015},
  url       = {http://arxiv.org/abs/1506.03380},
  archivePrefix = {arXiv},
  eprint    = {1506.03380},
  timestamp = {Mon, 13 Aug 2018 01:00:00 +0200},
  biburl    = {https://dblp.org/rec/bib/journals/corr/ClarkKO15},
  bibsource = {dblp computer science bibliography, https://dblp.org}
}

@inproceedings{DBLP:conf/er/KulkarniCBB14,
  author    = {Vinay Kulkarni and
               Tony Clark and
               Souvik Barat and
               Balbir Barn},
  title     = {Model Based Enterprise Simulation and Analysis - {A} Pragmatic Approach
               Reducing the Burden on Experts},
  booktitle = {Advances in Conceptual Modeling - {ER} 2014 Workshops},
  pages     = {3--12},
  year      = {2014},
  %crossref  = {DBLP:conf/er/2014w},
  url       = {https://doi.org/10.1007/978-3-319-12256-4\_1},
  doi       = {10.1007/978-3-319-12256-4\_1},
  timestamp = {Fri, 02 Jun 2017 20:46:50 +0200},
  biburl    = {https://dblp.org/rec/bib/conf/er/KulkarniCBB14},
  bibsource = {dblp computer science bibliography, https://dblp.org}
}


@inproceedings{DBLP:conf/hicss/ClarkKBFFT14,
  author    = {Tony Clark and
               Vinay Kulkarni and
               Balbir Barn and
               Robert B. France and
               Ulrich Frank and
               Dan Turk},
  title     = {Towards the Model Driven Organization},
  booktitle = {47th {HICSS} 2014},
  pages     = {4817--4826},
  year      = {2014},
  %crossref  = {DBLP:conf/hicss/2014},
  url       = {https://doi.org/10.1109/HICSS.2014.591},
  doi       = {10.1109/HICSS.2014.591},
  timestamp = {Mon, 06 Nov 2017 00:00:00 +0100},
  biburl    = {https://dblp.org/rec/bib/conf/hicss/ClarkKBFFT14},
  bibsource = {dblp computer science bibliography, https://dblp.org}
}


@inproceedings{DBLP:conf/icsoft/BarnCK14a,
  author    = {Balbir S. Barn and
               Tony Clark and
               Vinay Kulkarni},
  title     = {Can Organisational Theory and Multi-agent Systems Influence Next Generation
               Enterprise Modelling?},
  booktitle = {Software Technologies - 9th International Joint Conference, {ICSOFT}
               2014, Vienna, Austria, August 29-31, 2014, Revised Selected Papers},
  pages     = {202--216},
  year      = {2014},
  %crossref  = {DBLP:conf/icsoft/2014s},
  url       = {https://doi.org/10.1007/978-3-319-25579-8\_12},
  doi       = {10.1007/978-3-319-25579-8\_12},
  timestamp = {Mon, 06 Nov 2017 00:00:00 +0100},
  biburl    = {https://dblp.org/rec/bib/conf/icsoft/BarnCK14a},
  bibsource = {dblp computer science bibliography, https://dblp.org}
}

@inproceedings{DBLP:conf/icsoft/BarnCK14,
  author    = {Balbir S. Barn and
               Tony Clark and
               Vinay Kulkarni},
  title     = {Next Generation Enterprise Modelling - The Role of Organizational
               Theory and Multi-Agent Systems},
  booktitle = {{ICSOFT-EA} 2014},
  pages     = {482--487},
  year      = {2014},
  %crossref  = {DBLP:conf/icsoft/2014ea},
  url       = {https://doi.org/10.5220/0005097404820487},
  doi       = {10.5220/0005097404820487},
  timestamp = {Thu, 14 Dec 2017 12:26:02 +0100},
  biburl    = {https://dblp.org/rec/bib/conf/icsoft/BarnCK14},
  bibsource = {dblp computer science bibliography, https://dblp.org}
}


@article{DBLP:journals/emisaij/ClarkB13,
  author    = {Tony Clark and
               Balbir Barn},
  title     = {Goal Driven Architecture Development using {LEAP}},
  journal   = {Enterprise Modelling and Information Systems Architectures},
  volume    = {8},
  number    = {1},
  pages     = {40--61},
  year      = {2013},
  url       = {https://www.emisa-journal.org/emisa/article/view/101},
  timestamp = {Thu, 17 Mar 2016 00:00:00 +0100},
  biburl    = {https://dblp.org/rec/bib/journals/emisaij/ClarkB13},
  bibsource = {dblp computer science bibliography, https://dblp.org}
}

@article{DBLP:journals/ijsi/ClarkB13,
  author    = {Tony Clark and
               Balbir S. Barn},
  title     = {Dynamic Reconfiguration of Event Driven Architecture Using Reflection
               and Higher-Order Functions},
  journal   = {Int. J. Software and Informatics},
  volume    = {7},
  number    = {2},
  pages     = {137--168},
  year      = {2013},
  url       = {http://www.ijsi.org/ch/reader/view\_abstract.aspx?file\_no=i157},
  timestamp = {Fri, 12 Aug 2016 01:00:00 +0200},
  biburl    = {https://dblp.org/rec/bib/journals/ijsi/ClarkB13},
  bibsource = {dblp computer science bibliography, https://dblp.org}
}


@inproceedings{DBLP:conf/modelsward/KulkarniRSCB13,
  author    = {Vinay Kulkarni and
               Suman Roychoudhury and
               Sagar Sunkle and
               Tony Clark and
               Balbir Barn},
  title     = {Modelling and Enterprises - The Past, the Present and the Future},
  booktitle = {{MODELSWARD} 2013},
  pages     = {95--100},
  year      = {2013},
  %crossref  = {DBLP:conf/modelsward/2013},
  url       = {https://doi.org/10.5220/0004310700950100},
  doi       = {10.5220/0004310700950100},
  timestamp = {Tue, 23 May 2017 01:00:00 +0200},
  biburl    = {https://dblp.org/rec/bib/conf/modelsward/KulkarniRSCB13},
  bibsource = {dblp computer science bibliography, https://dblp.org}
}



@inproceedings{DBLP:conf/indiaSE/ClarkB12,
  author    = {Tony Clark and
               Balbir S. Barn},
  title     = {A common basis for modelling service-oriented and event-driven architecture},
  booktitle = {Proceeding of the 5th Annual India Software Engineering Conference,
               {ISEC} 2012, Kanpur, India, February 22-25, 2012},
  pages     = {23--32},
  year      = {2012},
  %crossref  = {DBLP:conf/indiaSE/2012},
  url       = {http://doi.acm.org/10.1145/2134254.2134258},
  doi       = {10.1145/2134254.2134258},
  timestamp = {Mon, 06 Nov 2017 00:00:00 +0100},
  biburl    = {https://dblp.org/rec/bib/conf/indiaSE/ClarkB12},
  bibsource = {dblp computer science bibliography, https://dblp.org}
}


@inproceedings{DBLP:conf/sose/ClarkB11,
  author    = {Tony Clark and
               Balbir S. Barn},
  title     = {Event driven architecture modelling and simulation},
  booktitle = {{IEEE} 6th International Symposium on Service Oriented System Engineering,
               {SOSE} 2011, Irvine, CA, USA, December 12-14, 2011},
  pages     = {43--54},
  year      = {2011},
  %crossref  = {DBLP:conf/sose/2011},
  url       = {https://doi.org/10.1109/SOSE.2011.6139091},
  doi       = {10.1109/SOSE.2011.6139091},
  timestamp = {Thu, 09 Nov 2017 12:37:30 +0100},
  biburl    = {https://dblp.org/rec/bib/conf/sose/ClarkB11},
  bibsource = {dblp computer science bibliography, https://dblp.org}
}