@book{DBLP:books/daglib/0032299,
  editor    = {Iris Reinhartz{-}Berger and
               Arnon Sturm and
               Tony Clark and
               Sholom Cohen and
               Jorn Bettin},
  title     = {Domain Engineering, Product Lines, Languages, and Conceptual Models},
  publisher = {Springer},
  year      = {2013},
  url       = {http://dx.doi.org/10.1007/978-3-642-36654-3},
  doi       = {10.1007/978-3-642-36654-3},
  isbn      = {978-3-642-36653-6},
  timestamp = {Mon, 17 Feb 2014 14:35:35 +0100},
  biburl    = {http://dblp.uni-trier.de/rec/bib/books/daglib/0032299},
  bibsource = {dblp computer science bibliography, http://dblp.org}
}

@article{haller2009scala,
  title={Scala actors: Unifying thread-based and event-based programming},
  author={Haller, Philipp and Odersky, Martin},
  journal={Theoretical Computer Science},
  volume={410},
  number={2},
  pages={202--220},
  year={2009},
  publisher={Elsevier}
}

@inproceedings{yasutake2015actario,
  title={Actario: A framework for reasoning about actor systems},
  author={Yasutake, Shohei and Watanabe, Takuo},
  booktitle={Workshop on Programming based on Actors, Agents, and Decentralized Control (AGERE},
  year={2015}
}

@article{beese2015conceptualization,
  title={On the Conceptualization of Information Systems as Socio-Technical Phenomena in Simulation-Based Research},
  author={Beese, Jannis and Haki, Kazem and Aier, Stephan},
  year={2015}
}

@article{ricci2015special,
  title={Special issue on programming based on actors, agents and decentralized control},
  author={Ricci, Alessandro and Agha, Gul and Bordini, Rafael H and Marron, Assaf},
  journal={Science of Computer Programming},
  volume={98},
  pages={117--119},
  year={2015},
  publisher={Elsevier}
}

@article{gill2015adaptive,
  title={Adaptive enterprise architecture modelling},
  author={Gill, Asif Qumer and Qureshi, Muhammad Atif},
  journal={Journal of Software},
  volume={10},
  number={5},
  pages={628--638},
  year={2015}
}

@article{vernadat2002ueml,
  title={UEML: towards a unified enterprise modelling language},
  author={Vernadat, Fran{\c{c}}ois},
  journal={International Journal of Production Research},
  volume={40},
  number={17},
  pages={4309--4321},
  year={2002},
  publisher={Taylor \& Francis}
}

@article{zachman1987framework,
  title={A framework for information systems architecture},
  author={Zachman, John A},
  journal={IBM systems journal},
  volume={26},
  number={3},
  pages={276--292},
  year={1987},
  publisher={IBM}
}

@incollection{barjis2010relevance,
  title={The relevance of modeling and simulation in enterprise and organizational study},
  author={Barjis, Joseph and Verbraeck, Alexander},
  booktitle={Enterprise and Organizational Modeling and Simulation},
  pages={15--26},
  year={2010},
  publisher={Springer}
}

@inproceedings{camus2015combining,
  title={Combining DEVS with multi-agent concepts to design and simulate multi-models of complex systems (WIP)},
  author={Camus, Benjamin and Bourjot, Christine and Chevrier, Vincent},
  booktitle={Proceedings of the Symposium on Theory of Modeling \& Simulation: DEVS Integrative M\&S Symposium},
  pages={85--90},
  year={2015},
  organization={Society for Computer Simulation International}
}

@article{mintzberg1976structure,
  title={The structure of" unstructured" decision processes},
  author={Mintzberg, Henry and Raisinghani, Duru and Theoret, Andre},
  journal={Administrative science quarterly},
  pages={246--275},
  year={1976},
  publisher={JSTOR}
}

@article{cyert1963behavioral,
  title={A behavioral theory of the firm},
  author={Cyert, Richard M and March, James G and others},
  journal={Englewood Cliffs, NJ},
  volume={2},
  year={1963}
}

@article{mintzberg1976structure,
  title={The structure of" unstructured" decision processes},
  author={Mintzberg, Henry and Raisinghani, Duru and Theoret, Andre},
  journal={Administrative science quarterly},
  pages={246--275},
  year={1976},
  publisher={JSTOR}
}

@misc{iacobstate,
  title={State of the art in architecture support, ArchiMate deliverable D3. 1. Enschede, The Netherlands: Telematica Instituut},
  author={Iacob, M and others},
  year={2003}
}

@inproceedings{haller2007actors,
  title={Actors that unify threads and events},
  author={Haller, Philipp and Odersky, Martin},
  booktitle={Coordination Models and Languages},
  pages={171--190},
  year={2007},
  organization={Springer}
}

@inproceedings{krogstie2008using,
  title={Using eeml for combined goal and process oriented modeling: A case study},
  author={Krogstie, John},
  booktitle={Proceedings of EMMSAD},
  pages={113},
  year={2008}
}

@book{bernus2013handbook,
  title={Handbook on architectures of information systems},
  author={Bernus, Peter and Mertins, Kai and Schmidt, G{\"u}nter J},
  year={2013},
  publisher={Springer Science \& Business Media}
}

@article{white2004business,
  title={Business process modeling notation},
  author={White, Stephen A and others},
  journal={Specification, BPMI. org},
  year={2004}
}

@inproceedings{yu2006exploring,
  title={Exploring intentional modeling and analysis for enterprise architecture},
  author={Yu, Eric and Strohmaier, Markus and Deng, Xiaoxue},
  booktitle={Enterprise Distributed Object Computing Conference Workshops, 2006. EDOCW'06. 10th IEEE International},
  pages={32--32},
  year={2006},
  organization={IEEE}
}

@book{meadows2008thinking,
  title={Thinking in systems: A primer},
  author={Meadows, Donella H and Wright, Diana},
  year={2008},
  publisher={chelsea green publishing}
}

@article{chen2008architectures,
  title={Architectures for enterprise integration and interoperability: Past, present and future},
  author={Chen, David and Doumeingts, Guy and Vernadat, Fran{\c{c}}ois},
  journal={Computers in industry},
  volume={59},
  number={7},
  pages={647--659},
  year={2008},
  publisher={Elsevier}
}

@inproceedings{fox1993issues,
  title={Issues in enterprise modelling},
  author={Fox, Mark S},
  booktitle={Systems, Man and Cybernetics, 1993.'Systems Engineering in the Service of Humans', Conference Proceedings., International Conference on},
  pages={86--92},
  year={1993},
  organization={IEEE}
}

@article{barjis2008enterprise,
  title={Enterprise, organization, modeling, simulation: putting pieces together},
  author={Barjis, Joseph},
  journal={Proceeding of EOMAS},
  year={2008}
}

@article{vernadat2002ueml,
  title={UEML: towards a unified enterprise modelling language},
  author={Vernadat, Fran{\c{c}}ois},
  journal={International Journal of Production Research},
  volume={40},
  number={17},
  pages={4309--4321},
  year={2002},
  publisher={Taylor \& Francis}
}

@incollection{opdahl2007roadmap,
  title={A Roadmap for UEML},
  author={Opdahl, Andreas L and Berio, Giuseppe},
  booktitle={Enterprise Interoperability},
  pages={169--178},
  year={2007},
  publisher={Springer}
}

@inproceedings{doumeingts1993gim,
  title={GIM (GRAI Integrated Methodology) and its evolutions-A methodology to design and specify Advanced Manufacturing Systems},
  author={Doumeingts, Guy and Chen, David and Vallespir, Bruno and Fenie, P and Marcotte, Fran{\c{c}}ois},
  booktitle={Proceedings of the JSPE/IFIP TC5/WG5. 3 workshop on the design of information infrastructure systems for manufacturing},
  pages={101--120},
  year={1993},
  organization={North-Holland Publishing Co.}
}

@article{weinhardt2012computational,
  title={Computational models and organizational psychology: Opportunities abound},
  author={Weinhardt, Justin M and Vancouver, Jeffrey B},
  journal={Organizational Psychology Review},
  volume={2},
  number={4},
  pages={267--292},
  year={2012},
  publisher={SAGE Publications}
}

@article{DBLP:journals/emisaij/ClarkB13,
  author    = {Tony Clark and
               Balbir Barn},
  title     = {Goal Driven Architecture Development using {LEAP}},
  journal   = {Enterprise Modelling and Information Systems Architectures},
  volume    = {8},
  number    = {1},
  pages     = {40--61},
  year      = {2013}
}

@inproceedings{DBLP:conf/caise/KulkarniBCB15,
  author    = {Vinay Kulkarni and
               Souvik Barat and
               Tony Clark and
               Balbir Barn},
  title     = {A Wide-Spectrum Approach to Modelling and Analysis of Organisation
               for Machine-Assisted Decision-Making},
  booktitle = {Enterprise and Organizational Modeling and Simulation - 11th International
               Workshop, {EOMAS} 2015, Held at CAiSE 2015, Stockholm, Sweden, June
               8-9, 2015, Selected Papers},
  pages     = {87--101},
  year      = {2015}
}


@inproceedings{DBLP:conf/models/KulkarniBCB15,
  author    = {Vinay Kulkarni and
               Souvik Barat and
               Tony Clark and
               Balbir S. Barn},
  title     = {Toward overcoming accidental complexity in organisational decision-making},
  booktitle = {18th {ACM/IEEE} International Conference on Model Driven Engineering
               Languages and Systems, MoDELS 2015, Ottawa, ON, Canada, September
               30 - October 2, 2015},
  pages     = {368--377},
  year      = {2015}
}

@article{hewitt2010actor,
  title={Actor model of computation: scalable robust information systems},
  author={Hewitt, Carl},
  journal={arXiv preprint arXiv:1008.1459},
  year={2010}
}

@article{lee2015complexities,
  title={The Complexities of Agent-Based Modeling Output Analysis},
  author={Lee, Ju-Sung and Filatova, Tatiana and Ligmann-Zielinska, Arika and Hassani-Mahmooei, Behrooz and Stonedahl, Forrest and Lorscheid, Iris and Voinov, Alexey and Polhill, J Gary and Sun, Zhanli and Parker, Dawn C},
  journal={Journal of Artificial Societies and Social Simulation},
  volume={18},
  number={4},
  pages={4},
  year={2015}
}

@article{tan2013framework,
  title={A framework for service enterprise workflow simulation with multi-agents cooperation},
  author={Tan, Wenan and Xu, Wei and Yang, Fujun and Xu, Lida and Jiang, Chuanqun},
  journal={Enterprise Information Systems},
  volume={7},
  number={4},
  pages={523--542},
  year={2013},
  publisher={Taylor \& Francis}
}

@incollection{camarinha2001virtual,
  title={Virtual enterprise modeling and support infrastructures: applying multi-agent system approaches},
  author={Camarinha-Matos, Luis M and Afsarmanesh, Hamideh},
  booktitle={Multi-agent systems and applications},
  pages={335--364},
  year={2001},
  publisher={Springer}
}

@inproceedings{poutakidis2002debugging,
  title={Debugging multi-agent systems using design artifacts: The case of interaction protocols},
  author={Poutakidis, David and Padgham, Lin and Winikoff, Michael},
  booktitle={Proceedings of the first international joint conference on Autonomous agents and multiagent systems: part 2},
  pages={960--967},
  year={2002},
  organization={ACM}
}

@inproceedings{Ndumu:1999:VDD:301136.301220,
 author = {Ndumu, Divine T. and Nwana, Hyacinth S. and Lee, Lyndon C. and Collis, Jaron C.},
 title = {Visualising and Debugging Distributed Multi-agent Systems},
 booktitle = {Proceedings of the Third Annual Conference on Autonomous Agents},
 series = {AGENTS '99},
 year = {1999},
 isbn = {1-58113-066-X},
 location = {Seattle, Washington, USA},
 pages = {326--333},
 numpages = {8},
 url = {http://doi.acm.org.lcproxy.shu.ac.uk/10.1145/301136.301220},
 doi = {10.1145/301136.301220},
 acmid = {301220},
 publisher = {ACM},
 address = {New York, NY, USA},
} 

@inproceedings{poutakidis2003exploration,
  title={An exploration of bugs and debugging in multi-agent systems},
  author={Poutakidis, David and Padgham, Lin and Winikoff, Michael},
  booktitle={Proceedings of the second international joint conference on Autonomous agents and multiagent systems},
  pages={1100--1101},
  year={2003},
  organization={ACM}
}

@inproceedings{winikoff2017debugging,
  title={Debugging Agent Programs with Why?: Questions},
  author={Winikoff, Michael},
  booktitle={Proceedings of the 16th Conference on Autonomous Agents and MultiAgent Systems},
  pages={251--259},
  year={2017},
  organization={International Foundation for Autonomous Agents and Multiagent Systems}
}

@article{koeman2017designing,
  title={Designing a source-level debugger for cognitive agent programs},
  author={Koeman, Vincent J and Hindriks, Koen V and Jonker, Catholijn M},
  journal={Autonomous Agents and Multi-Agent Systems},
  volume={31},
  number={5},
  pages={941--970},
  year={2017},
  publisher={Springer}
}

@article{lopez2017study,
  title={A Study of Concurrency Bugs and Advanced Development Support for Actor-based Programs},
  author={Lopez, Carmen Torres and Marr, Stefan and M{\"o}ssenb{\"o}ck, Hanspeter and Boix, Elisa Gonzalez},
  journal={arXiv preprint arXiv:1706.07372},
  year={2017}
}

@inproceedings{Rosa:2016:PAU:2975969.2975972,
 author = {Ros\`{a}, Andrea and Chen, Lydia Y. and Binder, Walter},
 title = {Profiling Actor Utilization and Communication in Akka},
 booktitle = {Proceedings of the 15th International Workshop on Erlang},
 series = {Erlang 2016},
 year = {2016},
 isbn = {978-1-4503-4431-9},
 location = {Nara, Japan},
 pages = {24--32},
 numpages = {9},
 url = {http://doi.acm.org/10.1145/2975969.2975972},
 doi = {10.1145/2975969.2975972},
 acmid = {2975972},
 publisher = {ACM},
 address = {New York, NY, USA},
 keywords = {Akka, actor model, parallel and dis- tributed applications, performance evaluation and optimization, profiling tools},
} 

@inproceedings{lavery2017actor,
  title={An actor-based runtime monitoring system for web and desktop applications},
  author={Lavery, Paul and Watanabe, Takuo},
  booktitle={Software Engineering, Artificial Intelligence, Networking and Parallel/Distributed Computing (SNPD), 2017 18th IEEE/ACIS International Conference on},
  pages={385--390},
  year={2017},
  organization={IEEE}
}

@article{jafari2016statistical,
  title={Statistical model checking of Timed Rebeca models},
  author={Jafari, Ali and Khamespanah, Ehsan and Kristinsson, Haukur and Sirjani, Marjan and Magnusson, Brynjar},
  journal={Computer Languages, Systems \& Structures},
  volume={45},
  pages={53--79},
  year={2016},
  publisher={Elsevier}
}

@article{ara2017analysis,
  title={Analysis and Visualization of Execution Traces of Dataflow Applications},
  author={Ara, Hadi Alizadeh and Behrouzian, Amir and Geilen, Marc and Hendriks, Martijn and Goswami, Dip and Basten, Twan},
  journal={IDEA 2016: Integrating Dataflow, Embedded Computing, and Architecture},
  pages={19},
  year={2017}
}

@article{jayaraman2017compact,
  title={Compact visualization of Java program execution},
  author={Jayaraman, S and Jayaraman, Bharat and Lessa, Demian},
  journal={Software: Practice and Experience},
  volume={47},
  number={2},
  pages={163--191},
  year={2017},
  publisher={Wiley Online Library}
}

@article{colon2015bifurcation,
  title={Bifurcation analysis of an agent-based model for predator--prey interactions},
  author={Colon, C{\'e}lian and Claessen, David and Ghil, Michael},
  journal={Ecological Modelling},
  volume={317},
  pages={93--106},
  year={2015},
  publisher={Elsevier}
}

@article{taylor2007agent,
  title={An Agent-Based Model of Predator-Prey Relationships Between Transient Killer Whales and Other Marine Mammals},
  author={Taylor, Cameron and Koyuk, Heather and Coyle, Jessica and Waggoner, Russell and Newman, Kelly},
  year={2007}
}

@article{shi2014agent,
  title={Agent-based model: a surging tool to simulate infectious diseases in the immune system},
  author={Shi, Zhen Z and Wu, Chih-Hang and Ben-Arieh, David},
  journal={Open Journal of Modelling and Simulation},
  volume={2},
  number={01},
  pages={12},
  year={2014},
  publisher={Scientific Research Publishing}
}

@article{fachada2015towards,
  title={Towards a standard model for research in agent-based modeling and simulation},
  author={Fachada, Nuno and Lopes, Vitor V and Martins, Rui C and Rosa, Agostinho C},
  journal={PeerJ Computer Science},
  volume={1},
  pages={e36},
  year={2015},
  publisher={PeerJ Inc.}
}

@inproceedings{abushark2014checking,
  title={Checking consistency of agent designs against interaction protocols for early-phase defect location},
  author={Abushark, Yoosef and Thangarajah, John and Miller, Tim and Harland, James},
  booktitle={Proceedings of the 2014 international conference on Autonomous agents and multi-agent systems},
  pages={933--940},
  year={2014},
  organization={International Foundation for Autonomous Agents and Multiagent Systems}
}

@article{leblanc1990analyzing,
  title={Analyzing parallel program executions using multiple views},
  author={LeBlanc, Thomas J and Mellor-Crummey, John M and Fowler, Robert J},
  journal={Journal of Parallel and Distributed Computing},
  volume={9},
  number={2},
  pages={203--217},
  year={1990},
  publisher={Elsevier}
}

@inproceedings{bruegge1993framework,
  title={A framework for dynamic program analyzers},
  author={Bruegge, Bernd and Gottschalk, Tim and Luo, Bin},
  booktitle={ACM SIGplan Notices},
  volume={28},
  number={10},
  pages={65--82},
  year={1993},
  organization={ACM}
}

@article{van1995debugging,
  title={Debugging multi-agent systems},
  author={Van Liedekerke, Marc H and Avouris, Nicholas M},
  journal={Information and Software Technology},
  volume={37},
  number={2},
  pages={103--112},
  year={1995},
  publisher={Elsevier}
}

@inproceedings{DBLP:conf/paams/ClarkKBB17,
  author    = {Tony Clark and
               Vinay Kulkarni and
               Souvik Barat and
               Balbir Barn},
  title     = {{ESL:} An Actor-Based Platform for Developing Emergent Behaviour Organisation
               Simulations},
  booktitle = {Advances in Practical Applications of Cyber-Physical Multi-Agent Systems:
               The {PAAMS} Collection - 15th International Conference, {PAAMS} 2017,
               Porto, Portugal, June 21-23, 2017, Proceedings},
  pages     = {311--315},
  year      = {2017}
}
@proceedings{DBLP:conf/paams/2017,
  editor    = {Yves Demazeau and
               Paul Davidsson and
               Javier Bajo and
               Zita A. Vale},
  title     = {Advances in Practical Applications of Cyber-Physical Multi-Agent Systems:
               The {PAAMS} Collection - 15th International Conference, {PAAMS} 2017,
               Porto, Portugal, June 21-23, 2017, Proceedings},
  series    = {Lecture Notes in Computer Science},
  volume    = {10349},
  publisher = {Springer},
  year      = {2017}
}

@inproceedings{DBLP:conf/indiaSE/ClarkKBB17,
  author    = {Tony Clark and
               Vinay Kulkarni and
               Souvik Barat and
               Balbir Barn},
  title     = {Actor Monitors for Adaptive Behaviour},
  booktitle = {Proceedings of the 10th Innovations in Software Engineering Conference,
               {ISEC} 2017, Jaipur, India, February 5-7, 2017},
  pages     = {85--95},
  year      = {2017},
  crossref  = {DBLP:conf/indiaSE/2017},
  timestamp = {Mon, 09 Jan 2017 09:08:29 +0100},
  bibsource = {dblp computer science bibliography, https://dblp.org}
}
@proceedings{DBLP:conf/indiaSE/2017,
  editor    = {Ravi Prakash Gorthi and
               Santonu Sarkar and
               Nenad Medvidovic and
               Vinay Kulkarni and
               Atul Kumar and
               Padmaja Joshi and
               Paola Inverardi and
               Ashish Sureka and
               Richa Sharma},
  title     = {Proceedings of the 10th Innovations in Software Engineering Conference,
               {ISEC} 2017, Jaipur, India, February 5-7, 2017},
  publisher = {{ACM}},
  year      = {2017},
  timestamp = {Mon, 09 Jan 2017 09:02:26 +0100},
  biburl    = {https://dblp.org/rec/bib/conf/indiaSE/2017},
  bibsource = {dblp computer science bibliography, https://dblp.org}
}

@inproceedings{DBLP:conf/er/ClarkKBB17,
  author    = {Tony Clark and
               Vinay Kulkarni and
               Balbir Barn and
               Souvik Barat},
  title     = {The Construction and Interrogation of Actor Based Simulation Histories},
  booktitle = {Proceedings of the {ER} Forum 2017 and the {ER} 2017 Demo Track co-located
               with the 36th International Conference on Conceptual Modelling {(ER}
               2017), Valencia, Spain, - November 6-9, 2017.},
  pages     = {320--333},
  year      = {2017}
}
@proceedings{DBLP:conf/er/2017f,
  editor    = {Cristina Cabanillas and
               Sergio Espa{\~{n}}a and
               Siamak Farshidi},
  title     = {Proceedings of the {ER} Forum 2017 and the {ER} 2017 Demo Track co-located
               with the 36th International Conference on Conceptual Modelling {(ER}
               2017), Valencia, Spain, - November 6-9, 2017},
  series    = {{CEUR} Workshop Proceedings},
  volume    = {1979},
  publisher = {CEUR-WS.org},
  year      = {2017}
}


@incollection{buijs2014comparing,
  title={Comparing business process variants using models and event logs},
  author={Buijs, Joos CAM and Reijers, Hajo A},
  booktitle={Enterprise, Business-Process and Information Systems Modeling},
  pages={154--168},
  year={2014},
  publisher={Springer}
}

@inproceedings{yang2016vit,
  title={VIT-PLA: Visual Interactive Tool for Process Log Analysis},
  author={Yang, Sen and Dong, Xin and Zhou, Moliang and Li, Xinyu and Chen, Shuhong and Webman, Rachel and Sarcevic, Aleksandra and Marsic, Ivan and Burd, Randall S},
  booktitle={KDD Workshop on Interactive Data Exploration and Analytics},
  year={2016}
}

@inproceedings{karmani2009actor,
  title={Actor frameworks for the JVM platform: a comparative analysis},
  author={Karmani, Rajesh K and Shali, Amin and Agha, Gul},
  booktitle={Proceedings of the 7th International Conference on Principles and Practice of Programming in Java},
  pages={11--20},
  year={2009},
  organization={ACM}
}

@article{obaid2013predator,
  title={The Predator-Prey Model Simulation},
  author={Obaid, Taleb AS},
  journal={Basrah Journal of Science},
  volume={31},
  number={2},
  pages={103--109},
  year={2013}
}


@book{weick1995sensemaking,
  title={Sensemaking in organizations},
  author={Weick, Karl E},
  volume={3},
  year={1995},
  publisher={Sage}
}

@inproceedings{ferber1998meta,
  title={A meta-model for the analysis and design of organizations in multi-agent systems},
  author={Ferber, Jacques and Gutknecht, Olivier},
  booktitle={Multi Agent Systems, 1998. Proceedings. International Conference on},
  pages={128--135},
  year={1998},
  organization={IEEE}
}

@article{pynadath2003automated,
  title={An automated teamwork infrastructure for heterogeneous software agents and humans},
  author={Pynadath, David V and Tambe, Milind},
  journal={Autonomous Agents and Multi-Agent Systems},
  volume={7},
  number={1-2},
  pages={71--100},
  year={2003},
  publisher={Springer}
}

@inproceedings{morgan2016agent,
  title={An Agent-Based Framework for Active Multi-level Modeling of Organizations},
  author={Morgan, Geoffrey P and Carley, Kathleen M},
  booktitle={International Conference on Social Computing, Behavioral-Cultural Modeling and Prediction and Behavior Representation in Modeling and Simulation},
  pages={272--281},
  year={2016},
  organization={Springer}
}

@article{fishwick1997computer,
  title={Computer simulation: growth through extension},
  author={Fishwick, Paul A},
  journal={Transactions of the Society for Computer Simulation},
  volume={14},
  number={1},
  pages={13--24},
  year={1997},
  publisher={[La Jolla, CA]: The Society, c1984-c2001.}
}

@article{mcdermott2013multi,
  title={Multi-level modeling of complex socio-technical systems},
  author={McDermott, Tom and Rouse, William and Goodman, Seymour and Loper, Margaret},
  journal={Procedia Computer Science},
  volume={16},
  pages={1132--1141},
  year={2013},
  publisher={Elsevier}
}

@article{farid2015multi,
  title={Multi-agent system design principles for resilient coordination \& control of future power systems},
  author={Farid, Amro M},
  journal={Intelligent Industrial Systems},
  volume={1},
  number={3},
  pages={255--269},
  year={2015},
  publisher={Springer}
}

@article{barbosa2015dynamic,
  title={Dynamic self-organization in holonic multi-agent manufacturing systems: The ADACOR evolution},
  author={Barbosa, Jos{\'e} and Leit{\~a}o, Paulo and Adam, Emmanuel and Trentesaux, Damien},
  journal={Computers in industry},
  volume={66},
  pages={99--111},
  year={2015},
  publisher={Elsevier}
}

@inproceedings{nielsen1996semantics,
  title={Semantics for an actor-based real-time language},
  author={Nielsen, Brian and Agha, Gul},
  booktitle={Parallel and Distributed Real-Time Systems, 1996. Proceedings of the 4th International Workshop on},
  pages={223--228},
  year={1996},
  organization={IEEE}
}

@inproceedings{pereira2013bigactors,
  title={Bigactors—A model for structure-aware computation},
  author={Pereira, Eloi and Kirsch, Christoph M and Sengupta, Raja and de Sousa, Jo{\~a}o Borges},
  booktitle={Cyber-Physical Systems (ICCPS), 2013 ACM/IEEE International Conference on},
  pages={199--208},
  year={2013},
  organization={IEEE}
}

@inproceedings{pirolli2005sensemaking,
  title={The sensemaking process and leverage points for analyst technology as identified through cognitive task analysis},
  author={Pirolli, Peter and Card, Stuart},
  booktitle={Proceedings of international conference on intelligence analysis},
  volume={5},
  pages={2--4},
  year={2005}
}


@misc{dsouzaWills1995,
author={D'Souza, Desmond and Wills, Alan},
title={Catalysis. Practical Rigor and Refinement: Extending
OMT, Fusion, and Objectory},
url={http://catalysis.org/publications/papers/1995-catalysis-fusion.pdf},
journal={Catalysis.org},
year={Last accessed March 5, 2018}
}

@inproceedings{gogolla2014application,
  title={From Application Models to Filmstrip Models: An Approach to Automatic Validation of Model Dynamics.},
  author={Gogolla, Martin and Hamann, Lars and Hilken, Frank and Kuhlmann, Mirco and France, Robert B},
  booktitle={Modellierung},
  volume={225},
  pages={273--288},
  year={2014}
}

@inproceedings{gil1998three,
  title={Three dimensional software modelling},
  author={Gil, Joseph and Kent, Stuart},
  booktitle={Proceedings of the 20th international conference on Software engineering},
  pages={105--114},
  year={1998},
  organization={IEEE Computer Society}
}

@inproceedings{clark2009model,
  title={Model based functional testing using pattern directed filmstrips},
  author={Clark, Tony},
  booktitle={Automation of Software Test, 2009. AST'09. ICSE Workshop on},
  pages={53--61},
  year={2009},
  organization={IEEE}
}

@article{van1995debugging,
  title={Debugging multi-agent systems},
  author={Van Liedekerke, Marc H and Avouris, Nicholas M},
  journal={Information and Software Technology},
  volume={37},
  number={2},
  pages={103--112},
  year={1995},
  publisher={Elsevier}
}

@article{burdalo2011trammas,
  title={TRAMMAS: A tracing model for multiagent systems},
  author={B{\'u}rdalo, Luis and Terrasa, Andr{\'e}s and Juli{\'a}n, Vicente and Garc{\'\i}a-Fornes, Ana},
  journal={Engineering Applications of Artificial Intelligence},
  volume={24},
  number={7},
  pages={1110--1119},
  year={2011},
  publisher={Elsevier}
}