

@inproceedings{DBLP:conf/indiaSE/ClarkKBB18,
  author    = {Tony Clark and
               Vinay Kulkarni and
               Souvik Barat and
               Balbir Barn},
  title     = {Actor-Based Methods, Concepts and Tools for Analysing Emergent Behaviour:
               An Introduction to a Model Based Approach},
  booktitle = {Proceedings of the 11th Innovations in Software Engineering Conference,
               {ISEC} 2018, Hyderabad, India, February 09 - 11, 2018},
  pages     = {21:1--21:2},
  year      = {2018},
  crossref  = {DBLP:conf/indiaSE/2018},
  url       = {https://doi.org/10.1145/3172871.3180077},
  doi       = {10.1145/3172871.3180077},
  timestamp = {Tue, 06 Nov 2018 16:59:04 +0100},
  biburl    = {https://dblp.org/rec/bib/conf/indiaSE/ClarkKBB18},
  bibsource = {dblp computer science bibliography, https://dblp.org}
}

@incollection{DBLP:series/lncs/ClarkKBB18,
  author    = {Tony Clark and
               Vinay Kulkarni and
               Souvik Barat and
               Balbir Barn},
  title     = {A Homogeneous Actor-Based Monitor Language for Adaptive Behaviour},
  booktitle = {Programming with Actors - State-of-the-Art and Research Perspectives},
  pages     = {216--244},
  year      = {2018},
  crossref  = {DBLP:series/lncs/10789},
  url       = {https://doi.org/10.1007/978-3-030-00302-9\_8},
  doi       = {10.1007/978-3-030-00302-9\_8},
  timestamp = {Tue, 11 Sep 2018 10:44:37 +0200},
  biburl    = {https://dblp.org/rec/bib/series/lncs/ClarkKBB18},
  bibsource = {dblp computer science bibliography, https://dblp.org}
}




@inproceedings{DBLP:conf/er/ClarkKBB17,
  author    = {Tony Clark and
               Vinay Kulkarni and
               Balbir Barn and
               Souvik Barat},
  title     = {The Construction and Interrogation of Actor Based Simulation Histories},
  booktitle = {Proceedings of the {ER} Forum 2017 and the {ER} 2017 Demo Track co-located
               with the 36th International Conference on Conceptual Modelling {(ER}
               2017), Valencia, Spain, - November 6-9, 2017.},
  pages     = {320--333},
  year      = {2017},
  crossref  = {DBLP:conf/er/2017f},
  url       = {http://ceur-ws.org/Vol-1979/paper-141.pdf},
  timestamp = {Tue, 07 Nov 2017 16:55:58 +0100},
  biburl    = {https://dblp.org/rec/bib/conf/er/ClarkKBB17},
  bibsource = {dblp computer science bibliography, https://dblp.org}
}

@inproceedings{DBLP:conf/ifip8-1/BaratKCB17,
  author    = {Souvik Barat and
               Vinay Kulkarni and
               Tony Clark and
               Balbir Barn},
  title     = {A Method for Effective Use of Enterprise Modelling Techniques in Complex
               Dynamic Decision Making},
  booktitle = {The Practice of Enterprise Modeling - 10th {IFIP} {WG} 8.1. Working
               Conference, PoEM 2017, Leuven, Belgium, November 22-24, 2017, Proceedings},
  pages     = {319--330},
  year      = {2017},
  crossref  = {DBLP:conf/ifip8-1/2017},
  url       = {https://doi.org/10.1007/978-3-319-70241-4\_21},
  doi       = {10.1007/978-3-319-70241-4\_21},
  timestamp = {Fri, 02 Nov 2018 00:00:00 +0100},
  biburl    = {https://dblp.org/rec/bib/conf/ifip8-1/BaratKCB17},
  bibsource = {dblp computer science bibliography, https://dblp.org}
}


@inproceedings{DBLP:conf/indiaSE/ClarkKBB17,
  author    = {Tony Clark and
               Vinay Kulkarni and
               Souvik Barat and
               Balbir Barn},
  title     = {Actor Monitors for Adaptive Behaviour},
  booktitle = {Proceedings of the 10th Innovations in Software Engineering Conference,
               {ISEC} 2017, Jaipur, India, February 5-7, 2017},
  pages     = {85--95},
  year      = {2017},
  crossref  = {DBLP:conf/indiaSE/2017},
  url       = {http://dl.acm.org/citation.cfm?id=3021469},
  timestamp = {Tue, 06 Nov 2018 16:59:04 +0100},
  biburl    = {https://dblp.org/rec/bib/conf/indiaSE/ClarkKBB17},
  bibsource = {dblp computer science bibliography, https://dblp.org}
}



@inproceedings{DBLP:conf/isdevel/ClarkBKB17,
  author    = {Tony Clark and
               Balbir Barn and
               Vinay Kulkarni and
               Souvik Barat},
  title     = {Querying Histories of Organisation Simulations},
  booktitle = {Information Systems Development: Advances in Methods, Tools and Management
               - Proceedings of the 26th International Conference on Information
               Systems Development, {ISD} 2017, Larnaca, Cyprus, University of Central
               Lancashire Cyprus, September 6-8, 2017},
  year      = {2017},
  crossref  = {DBLP:conf/isdevel/2017},
  url       = {http://aisel.aisnet.org/isd2014/proceedings2017/ISDMethodologies/9},
  timestamp = {Wed, 06 Jun 2018 07:39:37 +0200},
  biburl    = {https://dblp.org/rec/bib/conf/isdevel/ClarkBKB17},
  bibsource = {dblp computer science bibliography, https://dblp.org}
}

@inproceedings{DBLP:conf/models/ClarkKBB17,
  author    = {Tony Clark and
               Vinay Kulkarni and
               Souvik Barat and
               Balbir Barn},
  title     = {Generating Filmstrip Models from Actor-Based Systems},
  booktitle = {Proceedings of {MODELS} 2017 Satellite Event: Workshops (ModComp,
               ME, EXE, COMMitMDE, MRT, MULTI, GEMOC, MoDeVVa, MDETools, FlexMDE,
               MDEbug), Posters, Doctoral Symposium, Educator Symposium, {ACM} Student
               Research Competition, and Tools and Demonstrations co-located with
               {ACM/IEEE} 20th International Conference on Model Driven Engineering
               Languages and Systems {(MODELS} 2017), Austin, TX, USA, September,
               17, 2017.},
  pages     = {576--582},
  year      = {2017},
  crossref  = {DBLP:conf/models/2017s},
  url       = {http://ceur-ws.org/Vol-2019/demos\_4.pdf},
  timestamp = {Tue, 19 Dec 2017 19:42:26 +0100},
  biburl    = {https://dblp.org/rec/bib/conf/models/ClarkKBB17},
  bibsource = {dblp computer science bibliography, https://dblp.org}
}

@inproceedings{DBLP:conf/modelsward/BaratKCB17a,
  author    = {Souvik Barat and
               Vinay Kulkarni and
               Tony Clark and
               Balbir Barn},
  title     = {A Model Based Approach for Complex Dynamic Decision-Making},
  booktitle = {Model-Driven Engineering and Software Development - 5th International
               Conference, {MODELSWARD} 2017, Porto, Portugal, February 19-21, 2017,
               Revised Selected Papers},
  pages     = {94--118},
  year      = {2017},
  crossref  = {DBLP:conf/modelsward/2017s},
  url       = {https://doi.org/10.1007/978-3-319-94764-8\_5},
  doi       = {10.1007/978-3-319-94764-8\_5},
  timestamp = {Mon, 16 Jul 2018 14:26:59 +0200},
  biburl    = {https://dblp.org/rec/bib/conf/modelsward/BaratKCB17a},
  bibsource = {dblp computer science bibliography, https://dblp.org}
}

@inproceedings{DBLP:conf/modelsward/BaratKCB17,
  author    = {Souvik Barat and
               Vinay Kulkarni and
               Tony Clark and
               Balbir Barn},
  title     = {A Model based Realisation of Actor Model to Conceptualise an Aid for
               Complex Dynamic Decision-making},
  booktitle = {Proceedings of the 5th International Conference on Model-Driven Engineering
               and Software Development, {MODELSWARD} 2017, Porto, Portugal, February
               19-21, 2017.},
  pages     = {605--616},
  year      = {2017},
  crossref  = {DBLP:conf/modelsward/2017},
  url       = {https://doi.org/10.5220/0006216306050616},
  doi       = {10.5220/0006216306050616},
  timestamp = {Fri, 02 Nov 2018 00:00:00 +0100},
  biburl    = {https://dblp.org/rec/bib/conf/modelsward/BaratKCB17},
  bibsource = {dblp computer science bibliography, https://dblp.org}
}

@inproceedings{DBLP:conf/paams/ClarkKBB17,
  author    = {Tony Clark and
               Vinay Kulkarni and
               Souvik Barat and
               Balbir Barn},
  title     = {{ESL:} An Actor-Based Platform for Developing Emergent Behaviour Organisation
               Simulations},
  booktitle = {Advances in Practical Applications of Cyber-Physical Multi-Agent Systems:
               The {PAAMS} Collection - 15th International Conference, {PAAMS} 2017,
               Porto, Portugal, June 21-23, 2017, Proceedings},
  pages     = {311--315},
  year      = {2017},
  crossref  = {DBLP:conf/paams/2017},
  url       = {https://doi.org/10.1007/978-3-319-59930-4\_27},
  doi       = {10.1007/978-3-319-59930-4\_27},
  timestamp = {Fri, 02 Nov 2018 00:00:00 +0100},
  biburl    = {https://dblp.org/rec/bib/conf/paams/ClarkKBB17},
  bibsource = {dblp computer science bibliography, https://dblp.org}
}

@inproceedings{DBLP:conf/wsc/BaratKCB17,
  author    = {Souvik Barat and
               Vinay Kulkarni and
               Tony Clark and
               Balbir Barn},
  title     = {An actor-model based bottom-up simulation - An experiment on Indian
               demonetisation initiative},
  booktitle = {2017 Winter Simulation Conference, {WSC} 2017, Las Vegas, NV, USA,
               December 3-6, 2017},
  pages     = {860--871},
  year      = {2017},
  crossref  = {DBLP:conf/wsc/2017},
  url       = {https://doi.org/10.1109/WSC.2017.8247838},
  doi       = {10.1109/WSC.2017.8247838},
  timestamp = {Fri, 02 Nov 2018 00:00:00 +0100},
  biburl    = {https://dblp.org/rec/bib/conf/wsc/BaratKCB17},
  bibsource = {dblp computer science bibliography, https://dblp.org}
}

@inproceedings{DBLP:conf/icsoft/BaratKCB16,
  author    = {Souvik Barat and
               Vinay Kulkarni and
               Tony Clark and
               Balbir Barn},
  title     = {A Simulation-based Aid for Organisational Decision-making},
  booktitle = {Proceedings of the 11th International Joint Conference on Software
               Technologies {(ICSOFT} 2016) - Volume 2: ICSOFT-PT, Lisbon, Portugal,
               July 24 - 26, 2016.},
  pages     = {109--116},
  year      = {2016},
  crossref  = {DBLP:conf/icsoft/2016-2},
  url       = {https://doi.org/10.5220/0005992401090116},
  doi       = {10.5220/0005992401090116},
  timestamp = {Fri, 02 Nov 2018 00:00:00 +0100},
  biburl    = {https://dblp.org/rec/bib/conf/icsoft/BaratKCB16},
  bibsource = {dblp computer science bibliography, https://dblp.org}
}




@inproceedings{DBLP:conf/models/KulkarniBCB15,
  author    = {Vinay Kulkarni and
               Souvik Barat and
               Tony Clark and
               Balbir S. Barn},
  title     = {Toward overcoming accidental complexity in organisational decision-making},
  booktitle = {18th {ACM/IEEE} International Conference on Model Driven Engineering
               Languages and Systems, MoDELS 2015, Ottawa, ON, Canada, September
               30 - October 2, 2015},
  pages     = {368--377},
  year      = {2015},
  crossref  = {DBLP:conf/models/2015},
  url       = {https://doi.org/10.1109/MODELS.2015.7338268},
  doi       = {10.1109/MODELS.2015.7338268},
  timestamp = {Fri, 02 Nov 2018 00:00:00 +0100},
  biburl    = {https://dblp.org/rec/bib/conf/models/KulkarniBCB15},
  bibsource = {dblp computer science bibliography, https://dblp.org}
}

@inproceedings{DBLP:conf/summersim/KulkarniBCB15,
  author    = {Vinay Kulkarni and
               Souvik Barat and
               Tony Clark and
               Balbir Barn},
  title     = {Using simulation to address intrinsic complexity in multi-modelling
               of enterprises for decision making},
  booktitle = {Proceedings of the Conference on Summer Computer Simulation, SummerSim
               2015, Chicago, IL, USA, July 26-29, 2015},
  pages     = {9:1--9:11},
  year      = {2015},
  crossref  = {DBLP:conf/summersim/2015},
  url       = {http://dl.acm.org/citation.cfm?id=2874925},
  timestamp = {Thu, 07 Apr 2016 01:00:00 +0200},
  biburl    = {https://dblp.org/rec/bib/conf/summersim/KulkarniBCB15},
  bibsource = {dblp computer science bibliography, https://dblp.org}
}

@inproceedings{DBLP:conf/er/KulkarniCBB14,
  author    = {Vinay Kulkarni and
               Tony Clark and
               Souvik Barat and
               Balbir Barn},
  title     = {Model Based Enterprise Simulation and Analysis - {A} Pragmatic Approach
               Reducing the Burden on Experts},
  booktitle = {Advances in Conceptual Modeling - {ER} 2014 Workshops, ENMO, MoBiD,
               MReBA, QMMQ, SeCoGIS, WISM, and {ER} Demos, Atlanta, GA, USA, October
               27-29, 2014. Proceedings},
  pages     = {3--12},
  year      = {2014},
  crossref  = {DBLP:conf/er/2014w},
  url       = {https://doi.org/10.1007/978-3-319-12256-4\_1},
  doi       = {10.1007/978-3-319-12256-4\_1},
  timestamp = {Fri, 02 Nov 2018 00:00:00 +0100},
  biburl    = {https://dblp.org/rec/bib/conf/er/KulkarniCBB14},
  bibsource = {dblp computer science bibliography, https://dblp.org}
}



@inproceedings{DBLP:conf/hicss/ClarkKBFFT14,
  author    = {Tony Clark and
               Vinay Kulkarni and
               Balbir Barn and
               Robert B. France and
               Ulrich Frank and
               Dan Turk},
  title     = {Towards the Model Driven Organization},
  booktitle = {47th Hawaii International Conference on System Sciences, {HICSS} 2014,
               Waikoloa, HI, USA, January 6-9, 2014},
  pages     = {4817--4826},
  year      = {2014},
  crossref  = {DBLP:conf/hicss/2014},
  url       = {https://doi.org/10.1109/HICSS.2014.591},
  doi       = {10.1109/HICSS.2014.591},
  timestamp = {Fri, 02 Nov 2018 00:00:00 +0100},
  biburl    = {https://dblp.org/rec/bib/conf/hicss/ClarkKBFFT14},
  bibsource = {dblp computer science bibliography, https://dblp.org}
}

@inproceedings{DBLP:conf/icsoft/BarnCK14a,
  author    = {Balbir S. Barn and
               Tony Clark and
               Vinay Kulkarni},
  title     = {Can Organisational Theory and Multi-agent Systems Influence Next Generation
               Enterprise Modelling?},
  booktitle = {Software Technologies - 9th International Joint Conference, {ICSOFT}
               2014, Vienna, Austria, August 29-31, 2014, Revised Selected Papers},
  pages     = {202--216},
  year      = {2014},
  crossref  = {DBLP:conf/icsoft/2014s},
  url       = {https://doi.org/10.1007/978-3-319-25579-8\_12},
  doi       = {10.1007/978-3-319-25579-8\_12},
  timestamp = {Fri, 02 Nov 2018 00:00:00 +0100},
  biburl    = {https://dblp.org/rec/bib/conf/icsoft/BarnCK14a},
  bibsource = {dblp computer science bibliography, https://dblp.org}
}

@inproceedings{DBLP:conf/icsoft/BarnCK14,
  author    = {Balbir S. Barn and
               Tony Clark and
               Vinay Kulkarni},
  title     = {Next Generation Enterprise Modelling - The Role of Organizational
               Theory and Multi-Agent Systems},
  booktitle = {{ICSOFT-EA} 2014 - Proceedings of the 9th International Conference
               on Software Engineering and Applications, Vienna, Austria, 29-31 August,
               2014},
  pages     = {482--487},
  year      = {2014},
  crossref  = {DBLP:conf/icsoft/2014ea},
  url       = {https://doi.org/10.5220/0005097404820487},
  doi       = {10.5220/0005097404820487},
  timestamp = {Fri, 02 Nov 2018 00:00:00 +0100},
  biburl    = {https://dblp.org/rec/bib/conf/icsoft/BarnCK14},
  bibsource = {dblp computer science bibliography, https://dblp.org}
}

@article{DBLP:journals/emisaij/ClarkB13,
  author    = {Tony Clark and
               Balbir Barn},
  title     = {Goal Driven Architecture Development using {LEAP}},
  journal   = {Enterprise Modelling and Information Systems Architectures},
  volume    = {8},
  number    = {1},
  pages     = {40--61},
  year      = {2013},
  url       = {https://www.emisa-journal.org/emisa/article/view/101},
  timestamp = {Thu, 17 Mar 2016 00:00:00 +0100},
  biburl    = {https://dblp.org/rec/bib/journals/emisaij/ClarkB13},
  bibsource = {dblp computer science bibliography, https://dblp.org}
}

@article{DBLP:journals/ijsi/ClarkB13,
  author    = {Tony Clark and
               Balbir S. Barn},
  title     = {Dynamic Reconfiguration of Event Driven Architecture Using Reflection
               and Higher-Order Functions},
  journal   = {Int. J. Software and Informatics},
  volume    = {7},
  number    = {2},
  pages     = {137--168},
  year      = {2013},
  url       = {http://www.ijsi.org/ch/reader/view\_abstract.aspx?file\_no=i157},
  timestamp = {Fri, 12 Aug 2016 01:00:00 +0200},
  biburl    = {https://dblp.org/rec/bib/journals/ijsi/ClarkB13},
  bibsource = {dblp computer science bibliography, https://dblp.org}
}

