@book{DBLP:books/daglib/0032299,
  editor    = {Iris Reinhartz{-}Berger and
               Arnon Sturm and
               Tony Clark and
               Sholom Cohen and
               Jorn Bettin},
  title     = {Domain Engineering, Product Lines, Languages, and Conceptual Models},
  publisher = {Springer},
  year      = {2013},
  url       = {http://dx.doi.org/10.1007/978-3-642-36654-3},
  doi       = {10.1007/978-3-642-36654-3},
  isbn      = {978-3-642-36653-6},
  timestamp = {Mon, 17 Feb 2014 14:35:35 +0100},
  biburl    = {http://dblp.uni-trier.de/rec/bib/books/daglib/0032299},
  bibsource = {dblp computer science bibliography, http://dblp.org}
}

@article{haller2009scala,
  title={Scala actors: Unifying thread-based and event-based programming},
  author={Haller, Philipp and Odersky, Martin},
  journal={Theoretical Computer Science},
  volume={410},
  number={2},
  pages={202--220},
  year={2009},
  publisher={Elsevier}
}

@inproceedings{yasutake2015actario,
  title={Actario: A framework for reasoning about actor systems},
  author={Yasutake, Shohei and Watanabe, Takuo},
  booktitle={Workshop on Programming based on Actors, Agents, and Decentralized Control (AGERE},
  year={2015}
}

@article{beese2015conceptualization,
  title={On the Conceptualization of Information Systems as Socio-Technical Phenomena in Simulation-Based Research},
  author={Beese, Jannis and Haki, Kazem and Aier, Stephan},
  year={2015}
}

@article{ricci2015special,
  title={Special issue on programming based on actors, agents and decentralized control},
  author={Ricci, Alessandro and Agha, Gul and Bordini, Rafael H and Marron, Assaf},
  journal={Science of Computer Programming},
  volume={98},
  pages={117--119},
  year={2015},
  publisher={Elsevier}
}

@article{gill2015adaptive,
  title={Adaptive enterprise architecture modelling},
  author={Gill, Asif Qumer and Qureshi, Muhammad Atif},
  journal={Journal of Software},
  volume={10},
  number={5},
  pages={628--638},
  year={2015}
}

@article{vernadat2002ueml,
  title={UEML: towards a unified enterprise modelling language},
  author={Vernadat, Fran{\c{c}}ois},
  journal={International Journal of Production Research},
  volume={40},
  number={17},
  pages={4309--4321},
  year={2002},
  publisher={Taylor \& Francis}
}

@article{zachman1987framework,
  title={A framework for information systems architecture},
  author={Zachman, John A},
  journal={IBM systems journal},
  volume={26},
  number={3},
  pages={276--292},
  year={1987},
  publisher={IBM}
}

@incollection{barjis2010relevance,
  title={The relevance of modeling and simulation in enterprise and organizational study},
  author={Barjis, Joseph and Verbraeck, Alexander},
  booktitle={Enterprise and Organizational Modeling and Simulation},
  pages={15--26},
  year={2010},
  publisher={Springer}
}

@inproceedings{camus2015combining,
  title={Combining DEVS with multi-agent concepts to design and simulate multi-models of complex systems (WIP)},
  author={Camus, Benjamin and Bourjot, Christine and Chevrier, Vincent},
  booktitle={Proceedings of the Symposium on Theory of Modeling \& Simulation: DEVS Integrative M\&S Symposium},
  pages={85--90},
  year={2015},
  organization={Society for Computer Simulation International}
}

@article{mintzberg1976structure,
  title={The structure of" unstructured" decision processes},
  author={Mintzberg, Henry and Raisinghani, Duru and Theoret, Andre},
  journal={Administrative science quarterly},
  pages={246--275},
  year={1976},
  publisher={JSTOR}
}

@article{cyert1963behavioral,
  title={A behavioral theory of the firm},
  author={Cyert, Richard M and March, James G and others},
  journal={Englewood Cliffs, NJ},
  volume={2},
  year={1963}
}

@article{mintzberg1976structure,
  title={The structure of" unstructured" decision processes},
  author={Mintzberg, Henry and Raisinghani, Duru and Theoret, Andre},
  journal={Administrative science quarterly},
  pages={246--275},
  year={1976},
  publisher={JSTOR}
}

@misc{iacobstate,
  title={State of the art in architecture support, ArchiMate deliverable D3. 1. Enschede, The Netherlands: Telematica Instituut},
  author={Iacob, M and others},
  year={2003}
}

@inproceedings{haller2007actors,
  title={Actors that unify threads and events},
  author={Haller, Philipp and Odersky, Martin},
  booktitle={Coordination Models and Languages},
  pages={171--190},
  year={2007},
  organization={Springer}
}

@inproceedings{krogstie2008using,
  title={Using eeml for combined goal and process oriented modeling: A case study},
  author={Krogstie, John},
  booktitle={Proceedings of EMMSAD},
  pages={113},
  year={2008}
}

@book{bernus2013handbook,
  title={Handbook on architectures of information systems},
  author={Bernus, Peter and Mertins, Kai and Schmidt, G{\"u}nter J},
  year={2013},
  publisher={Springer Science \& Business Media}
}

@article{white2004business,
  title={Business process modeling notation},
  author={White, Stephen A and others},
  journal={Specification, BPMI. org},
  year={2004}
}

@inproceedings{yu2006exploring,
  title={Exploring intentional modeling and analysis for enterprise architecture},
  author={Yu, Eric and Strohmaier, Markus and Deng, Xiaoxue},
  booktitle={Enterprise Distributed Object Computing Conference Workshops, 2006. EDOCW'06. 10th IEEE International},
  pages={32--32},
  year={2006},
  organization={IEEE}
}

@book{meadows2008thinking,
  title={Thinking in systems: A primer},
  author={Meadows, Donella H and Wright, Diana},
  year={2008},
  publisher={chelsea green publishing}
}

@article{chen2008architectures,
  title={Architectures for enterprise integration and interoperability: Past, present and future},
  author={Chen, David and Doumeingts, Guy and Vernadat, Fran{\c{c}}ois},
  journal={Computers in industry},
  volume={59},
  number={7},
  pages={647--659},
  year={2008},
  publisher={Elsevier}
}

@inproceedings{fox1993issues,
  title={Issues in enterprise modelling},
  author={Fox, Mark S},
  booktitle={Systems, Man and Cybernetics, 1993.'Systems Engineering in the Service of Humans', Conference Proceedings., International Conference on},
  pages={86--92},
  year={1993},
  organization={IEEE}
}

@article{barjis2008enterprise,
  title={Enterprise, organization, modeling, simulation: putting pieces together},
  author={Barjis, Joseph},
  journal={Proceeding of EOMAS},
  year={2008}
}

@article{vernadat2002ueml,
  title={UEML: towards a unified enterprise modelling language},
  author={Vernadat, Fran{\c{c}}ois},
  journal={International Journal of Production Research},
  volume={40},
  number={17},
  pages={4309--4321},
  year={2002},
  publisher={Taylor \& Francis}
}

@incollection{opdahl2007roadmap,
  title={A Roadmap for UEML},
  author={Opdahl, Andreas L and Berio, Giuseppe},
  booktitle={Enterprise Interoperability},
  pages={169--178},
  year={2007},
  publisher={Springer}
}

@inproceedings{doumeingts1993gim,
  title={GIM (GRAI Integrated Methodology) and its evolutions-A methodology to design and specify Advanced Manufacturing Systems},
  author={Doumeingts, Guy and Chen, David and Vallespir, Bruno and Fenie, P and Marcotte, Fran{\c{c}}ois},
  booktitle={Proceedings of the JSPE/IFIP TC5/WG5. 3 workshop on the design of information infrastructure systems for manufacturing},
  pages={101--120},
  year={1993},
  organization={North-Holland Publishing Co.}
}

@article{weinhardt2012computational,
  title={Computational models and organizational psychology: Opportunities abound},
  author={Weinhardt, Justin M and Vancouver, Jeffrey B},
  journal={Organizational Psychology Review},
  volume={2},
  number={4},
  pages={267--292},
  year={2012},
  publisher={SAGE Publications}
}

@article{DBLP:journals/emisaij/ClarkB13,
  author    = {Tony Clark and
               Balbir Barn},
  title     = {Goal Driven Architecture Development using {LEAP}},
  journal   = {Enterprise Modelling and Information Systems Architectures},
  volume    = {8},
  number    = {1},
  pages     = {40--61},
  year      = {2013}
}

@inproceedings{DBLP:conf/caise/KulkarniBCB15,
  author    = {Vinay Kulkarni and
               Souvik Barat and
               Tony Clark and
               Balbir Barn},
  title     = {A Wide-Spectrum Approach to Modelling and Analysis of Organisation
               for Machine-Assisted Decision-Making},
  booktitle = {Enterprise and Organizational Modeling and Simulation - 11th International
               Workshop, {EOMAS} 2015, Held at CAiSE 2015, Stockholm, Sweden, June
               8-9, 2015, Selected Papers},
  pages     = {87--101},
  year      = {2015}
}


@inproceedings{DBLP:conf/models/KulkarniBCB15,
  author    = {Vinay Kulkarni and
               Souvik Barat and
               Tony Clark and
               Balbir S. Barn},
  title     = {Toward overcoming accidental complexity in organisational decision-making},
  booktitle = {18th {ACM/IEEE} International Conference on Model Driven Engineering
               Languages and Systems, MoDELS 2015, Ottawa, ON, Canada, September
               30 - October 2, 2015},
  pages     = {368--377},
  year      = {2015}
}

@article{hewitt2010actor,
  title={Actor model of computation: scalable robust information systems},
  author={Hewitt, Carl},
  journal={arXiv preprint arXiv:1008.1459},
  year={2010}
}

@article{lee2015complexities,
  title={The Complexities of Agent-Based Modeling Output Analysis},
  author={Lee, Ju-Sung and Filatova, Tatiana and Ligmann-Zielinska, Arika and Hassani-Mahmooei, Behrooz and Stonedahl, Forrest and Lorscheid, Iris and Voinov, Alexey and Polhill, J Gary and Sun, Zhanli and Parker, Dawn C},
  journal={Journal of Artificial Societies and Social Simulation},
  volume={18},
  number={4},
  pages={4},
  year={2015}
}

@article{tan2013framework,
  title={A framework for service enterprise workflow simulation with multi-agents cooperation},
  author={Tan, Wenan and Xu, Wei and Yang, Fujun and Xu, Lida and Jiang, Chuanqun},
  journal={Enterprise Information Systems},
  volume={7},
  number={4},
  pages={523--542},
  year={2013},
  publisher={Taylor \& Francis}
}

@incollection{camarinha2001virtual,
  title={Virtual enterprise modeling and support infrastructures: applying multi-agent system approaches},
  author={Camarinha-Matos, Luis M and Afsarmanesh, Hamideh},
  booktitle={Multi-agent systems and applications},
  pages={335--364},
  year={2001},
  publisher={Springer}
}